3038 4808
671 259 829 342 παρέχειν.
1299 281 1339 346 23

169 449 211 515 τόν
242 447 350 531 πρόσόε
382 447 553 531 σφάλματ’
578 447 883 538 ε’ξαιτοόμενοςΙΙόεόν
907 446 1098 531 παράσχοιτ’
1126 450 1155 523 ἐς
1177 450 1212 515 τό
1236 449 1340 515 λοιπόν

166 573 273 652 εὐμενῆ
296 574 398 637 —si
425 594 488 656 quo
518 572 620 647 modo,
644 572 763 654 priora
785 583 920 654 peccota
950 574 1133 656 deprecans,
1157 577 1253 638 deum
1275 574 1342 638 sibi

165 695 384 777 inposterum
401 695 581 778 propiteom
597 694 767 778 praebeat.
814 693 902 759 Satis
926 695 1079 778 frequens
1101 696 1154 759 hic
1178 717 1254 760 usus
1277 704 1337 760 est.

209 954 238 1004 θ.
284 938 445 1002 Venimus
468 937 512 1001 ad
534 958 593 1000 eos
616 936 716 1011 locos,
740 937 797 1001 ubi
822 936 969 1018 παρέχειν
994 940 1135 1002 occurrit
1150 940 1335 1020 praeditum

165 1061 298 1123 notione
334 1080 375 1134 „e
388 1058 445 1121 ssi
457 1080 476 1122 c
487 1060 497 1121 i
509 1079 528 1122 e
540 1080 561 1121 n
574 1059 596 1122 d
607 1058 638 1121 i”
675 1079 761 1141 quae
784 1060 874 1142 apud
894 1060 975 1122 alios
999 1060 1173 1142 scriptores
1199 1081 1332 1142 quoque

163 1180 252 1244 haud
269 1180 397 1243 insolita
412 1181 503 1269 notio
516 1188 576 1242 est.
608 1179 744 1262 Hippol.
755 1196 819 1261 433
835 1201 883 1262 sq.
898 1177 1040 1252 δέσποιν’,
1052 1179 1121 1257 ε’ροό
1129 1203 1174 1244 τοι
1187 1180 1335 1262 σνμφορόι

163 1300 220 1378 μὲν
244 1299 400 1389 όρτόοιςΙόὴ
425 1301 463 1375 σός
488 1299 632 1381 παρέσχε
655 1299 744 1364 δεινόν
760 1298 909 1382 ἐξαίφνης
924 1298 1080 1383 φόβον-
1092 1303 1235 1378 domina,
1252 1302 1339 1366 milei

162 1424 294 1507 quedem
324 1423 498 1486 calamitas
527 1434 585 1488 tua
615 1423 709 1486 modo
735 1423 846 1487 iniecit
866 1434 994 1504 repente
1016 1424 1177 1506 ingentem
1202 1435 1332 1488 metum.

165 1544 248 1608 Item
265 1541 364 1625 φόβον
381 1541 531 1624 παρέχειν
549 1544 667 1626 legitur
681 1542 810 1607 Hecub.
832 1561 925 1623 1113,
943 1544 1071 1607 Rhesus
1088 1545 1162 1624 289.
1188 1541 1334 1619 ἔκπληξιν

162 1663 311 1746 παρέχειν
335 1667 474 1729 occurrit
490 1665 561 1747 Iph.
579 1664 658 1727 Aul.
674 1665 751 1741 606,
767 1665 826 1727 sed
843 1665 885 1728 ab
902 1665 1054 1728 omnibus
1070 1663 1138 1728 fere
1154 1665 1334 1728 editoribus

160 1787 194 1850 hi
217 1808 331 1850 versus
352 1795 441 1850 recte
465 1787 610 1868 Euripidi
633 1786 867 1850 abiudicantur.
915 1784 1018 1850 Solita
1035 1797 1084 1850 est
1100 1786 1221 1850 locutio
1237 1782 1332 1866 όχλον

163 1906 311 1988 παρέχειν
340 1929 425 1989 quae
455 1909 544 1990 apud
575 1918 723 1971 nostrum
755 1908 914 1990 reperitur
943 1908 976 1969 in
1003 1907 1123 1970 Medea
1148 1922 1212 1988 337
1236 1904 1331 1987 όχλον

162 2028 304 2110 παρέξεις
334 2031 371 2101 ὡς
401 2025 511 2104 ἔοικας,
542 2023 563 2092 ὦ
593 2026 685 2105 γύναι
708 2066 749 2076 -
774 2028 935 2113 negotium
957 2030 1115 2109 facesses,
1139 2039 1177 2092 ut
1197 2028 1330 2103 videris,

160 2151 287 2214 mulier.
334 2151 434 2214 Redit
456 2149 564 2215 Orest.
589 2152 663 2215 282.

205 2268 386 2352 πράγματα
410 2271 557 2353 παρέχειν
580 2273 672 2354 quod
695 2274 784 2354 apud
807 2280 934 2336 ceteros
956 2273 1130 2355 scriptores
1146 2280 1214 2335 tam
1229 2291 1329 2354 saepe

159 2393 308 2476 legimus,
340 2394 448 2458 dicere
480 2395 584 2458 noluit
609 2394 784 2477 Euripides
806 2401 922 2478 utpote
947 2395 1042 2456 nimis
1064 2394 1246 2477 vulgatum,
1270 2394 1330 2457 sed

159 2511 266 2588 πόνους
290 2515 438 2596 παρέχειν
463 2515 592 2579 Helena
615 2517 676 2579 621
703 2515 881 2579 habemus:
899 2512 1004 2587 πόνους
1021 2521 1172 2596 παρεῖχες
1188 2515 1228 2596 σῷ
1245 2513 1330 2580 πόσει

158 2635 211 2700 καὶ
235 2635 420 2718 σνμρνόχοις
442 2674 482 2685 -
508 2639 634 2702 labores
649 2636 837 2720 praebuisti
858 2647 910 2701 tuo
928 2638 1042 2701 morito
1058 2648 1090 2701 et
1101 2637 1206 2701 sociis.
1252 2637 1327 2701 Huc

157 2777 291 2840 quoque
321 2758 406 2821 trahi
437 2766 546 2841 potest
577 2755 724 2840 παρέχειν
755 2754 887 2837 δόαρνα;
912 2757 984 2842 Iph.
1009 2757 1086 2820 Aul.
1115 2771 1195 2837 1215
1221 2762 1270 2821 νῦν
1294 2756 1328 2820 δὲ

158 2874 236 2942 τόπ’
270 2879 343 2957 ἐμοῦ
378 2876 621 2968 σοφόνΗδοόαρνα
652 2876 772 2960 παρέξω
795 2915 840 2927 -
862 2901 945 2943 nunc
975 2900 1059 2960 quoe
1089 2901 1161 2943 mea
1191 2881 1241 2944 vis
1268 2891 1326 2955 est,

157 3001 314 3065 lacrimas
328 3002 507 3084 praebebo;
524 3003 580 3065 ubi
595 3003 795 3066 adiectivum
811 2999 846 3064 τὸ
861 3001 925 3064 οὶπὸ
943 2999 1015 3079 ἐμοῦ
1032 3000 1125 3081 σοφόν
1141 3023 1208 3064 non
1219 3003 1326 3064 minus

156 3144 256 3207 quam
280 3124 520 3187 substantivum
544 3121 661 3204 δόκρνα
683 3144 759 3187 cum
777 3124 880 3186 verbo
896 3122 1045 3203 παρέχειν
1060 3125 1325 3206 coniungendum

156 3261 228 3305 esse
251 3243 391 3306 videtur.

199 3485 225 3551 f.
272 3485 381 3569 Saepe
422 3507 510 3549 cum
549 3487 773 3551 infinitivo
804 3487 1074 3570 explicativo
1105 3487 1172 3550 vel
1201 3486 1325 3551 finali

153 3609 361 3691 coniungitur
396 3606 554 3688 παρέχειν.
601 3609 730 3673 Helena
761 3609 824 3672 812
857 3616 928 3688 σιγῇ
958 3605 1116 3689 παρόσχον
1148 3607 1216 3684 δῆτ’
1246 3608 1325 3688 ε’μόις

154 3727 244 3803 δῆσαι
269 3727 382 3810 χέρας;
395 3767 438 3777 -
453 3741 560 3794 tacens
574 3731 679 3814 igitur
692 3753 812 3795 manns
826 3753 917 3796 meas
932 3732 1088 3814 ligandos
1102 3731 1212 3795 dabo?
1254 3731 1323 3814 Iph.

152 3851 252 3913 Taur.
283 3851 366 3931 1416
389 3873 460 3934 sqq.
486 3849 539 3915 noi
563 3855 610 3915 νῦν
635 3850 759 3932 παρέξει
774 3851 827 3916 τόν
845 3851 1078 3930 Ἀγαμέμνονος
1094 3849 1257 3941 νόνονΙόσοὶ
1272 3851 1325 3916 καὶ

154 3970 306 4047 πολίταις,
338 3971 377 4046 ὡς
408 3970 508 4048 ἔοικεν,
538 3973 567 4036 ἐν
593 3971 837 4062 χεροῖνΗλαβεῖν
859 3972 1003 4055 ἀδελφήν
1027 3973 1050 4036 θ’
1076 3975 1092 4047 ἡ
1116 3986 1207 4038 κτ.λ.
1231 4011 1271 4019 -
1295 3984 1327 4036 et

152 4114 235 4157 nunc
257 4094 319 4158 tibi
338 4106 371 4158 et
390 4096 524 4172 civibus,
549 4105 586 4159 ut
610 4097 749 4170 vedetur,
774 4096 1003 4181 trodetfilinm
1018 4095 1275 4178 Agamemnonis
1290 4092 1325 4155 in

150 4237 271 4280 manus
305 4227 342 4280 ut
370 4216 483 4298 coptos
504 4229 538 4281 et
558 4238 700 4280 sororem
723 4237 752 4280 e.
776 4237 808 4300 q.
832 4237 858 4284 s.
907 4216 1046 4282 Codices
1069 4216 1192 4279 habent
1215 4211 1325 4289 λαβεῖν
