<?xml version="1.0" encoding="UTF-8"?>
<!DOCTYPE html PUBLIC "-//W3C//DTD XHTML 1.0 Transitional//EN"
    "http://www.w3.org/TR/xhtml1/DTD/xhtml1-transitional.dtd">
<html xmlns="http://www.w3.org/1999/xhtml" xml:lang="en" lang="en">
 <head>
  <title>
</title>
<meta http-equiv="Content-Type" content="text/html;charset=utf-8" />
  <meta name='ocr-system' content='tesseract 3.04.00' />
  <meta name='ocr-capabilities' content='ocr_page ocr_carea ocr_par ocr_line ocrx_word'/>
</head>
<body>
  <div class='ocr_page' id='page_1' title='image "./deparapraeposit01laangoog_0075.png"; bbox 0 0 3038 4808; ppageno 0'>
   <div class='ocr_carea' id='block_1_1' title="bbox 217 323 1064 408">
    <p class='ocr_par' dir='ltr' id='par_1_1' title="bbox 217 323 1064 408">
     <span class='ocr_line' id='line_1_1' title="bbox 217 323 1064 408; baseline -0.004 -15"><span class='ocrx_word' id='word_1_1' title='bbox 217 329 261 407; x_wconf 88' lang='lat'><strong>48</strong></span> <span class='ocrx_word' id='word_1_2' title='bbox 550 324 831 407; x_wconf 76' lang='grc' dir='ltr'><strong><em>παραιτεῖσθαι-</em></strong></span> <span class='ocrx_word' id='word_1_3' title='bbox 857 323 1064 408; x_wconf 78' lang='grc' dir='ltr'><strong><em>παροιννίναι.</em></strong></span> 
     </span>
    </p>
   </div>
   <div class='ocr_carea' id='block_1_2' title="bbox 215 507 1397 1083">
    <p class='ocr_par' dir='ltr' id='par_1_2' title="bbox 215 507 1397 943">
     <span class='ocr_line' id='line_1_2' title="bbox 215 507 1394 594; baseline 0.001 -16"><span class='ocrx_word' id='word_1_4' title='bbox 215 511 349 594; x_wconf 72' lang='grc' dir='ltr'><strong><em>Ὅμηρόν</em></strong></span> <span class='ocrx_word' id='word_1_5' title='bbox 372 511 484 576; x_wconf 81' lang='grc' dir='ltr'><strong><em>τεκαὶ</em></strong></span> <span class='ocrx_word' id='word_1_6' title='bbox 508 510 580 585; x_wconf 83' lang='grc' dir='ltr'><strong><em>τοὺς</em></strong></span> <span class='ocrx_word' id='word_1_7' title='bbox 601 507 717 583; x_wconf 73' lang='grc' dir='ltr'><strong><em>ἄλλους</em></strong></span> <span class='ocrx_word' id='word_1_8' title='bbox 740 509 868 586; x_wconf 75' lang='grc' dir='ltr'><strong><em>ποιντοὶς</em></strong></span> <span class='ocrx_word' id='word_1_9' title='bbox 891 512 936 591; x_wconf 68' lang='grc' dir='ltr'><strong>μὴ</strong></span> <span class='ocrx_word' id='word_1_10' title='bbox 961 511 1175 593; x_wconf 68' lang='grc' dir='ltr'><strong>χαλεπαίνειν.</strong></span> <span class='ocrx_word' id='word_1_11' title='bbox 1200 514 1255 580; x_wconf 90' lang='lat' dir='ltr'><strong>Sic</strong></span> <span class='ocrx_word' id='word_1_12' title='bbox 1279 524 1394 579; x_wconf 88' lang='lat' dir='ltr'><strong>nostro</strong></span> 
     </span>
     <span class='ocr_line' id='line_1_3' title="bbox 217 634 1393 719; baseline 0.002 -20"><span class='ocrx_word' id='word_1_13' title='bbox 217 637 292 700; x_wconf 93' lang='lat' dir='ltr'><strong>loco</strong></span> <span class='ocrx_word' id='word_1_14' title='bbox 324 634 490 717; x_wconf 91' lang='lat' dir='ltr'><strong>Euripidis</strong></span> <span class='ocrx_word' id='word_1_15' title='bbox 520 635 564 698; x_wconf 88' lang='lat' dir='ltr'><strong>ad</strong></span> <span class='ocrx_word' id='word_1_16' title='bbox 595 636 806 714; x_wconf 81' lang='grc' dir='ltr'><strong><em>παραιτοῦμαι</em></strong></span> <span class='ocrx_word' id='word_1_17' title='bbox 837 656 872 696; x_wconf 89' lang='grc' dir='ltr'><strong><em>οε</em></strong></span> <span class='ocrx_word' id='word_1_18' title='bbox 899 643 1010 699; x_wconf 91' lang='lat' dir='ltr'><strong>mente</strong></span> <span class='ocrx_word' id='word_1_19' title='bbox 1032 635 1250 719; x_wconf 89' lang='lat' dir='ltr'><strong>supplendum</strong></span> <span class='ocrx_word' id='word_1_20' title='bbox 1273 645 1325 701; x_wconf 91' lang='lat' dir='ltr'><strong>est</strong></span> <span class='ocrx_word' id='word_1_21' title='bbox 1347 637 1393 715; x_wconf 75' lang='lat' dir='ltr'><strong>uir</strong></span> 
     </span>
     <span class='ocr_line' id='line_1_4' title="bbox 216 755 1397 837; baseline 0.003 -16"><span class='ocrx_word' id='word_1_22' title='bbox 216 755 339 822; x_wconf 79' lang='grc' dir='ltr'><strong>κτείνειν</strong></span> <span class='ocrx_word' id='word_1_23' title='bbox 368 792 413 806; x_wconf 91' lang='lat'>-</span> <span class='ocrx_word' id='word_1_24' title='bbox 443 759 464 820; x_wconf 91' lang='lat' dir='ltr'><strong>i.</strong></span> <span class='ocrx_word' id='word_1_25' title='bbox 477 776 506 820; x_wconf 88' lang='lat' dir='ltr'><strong>e.</strong></span> <span class='ocrx_word' id='word_1_26' title='bbox 530 777 593 820; x_wconf 86' lang='lat' dir='ltr'><strong>uon</strong></span> <span class='ocrx_word' id='word_1_27' title='bbox 614 756 765 837; x_wconf 81' lang='lat' dir='ltr'><strong>deprecor</strong></span> <span class='ocrx_word' id='word_1_28' title='bbox 782 778 804 819; x_wconf 91' lang='lat' dir='ltr'><strong>a</strong></span> <span class='ocrx_word' id='word_1_29' title='bbox 826 766 866 829; x_wconf 84' lang='lat' dir='ltr'><strong>te,</strong></span> <span class='ocrx_word' id='word_1_30' title='bbox 891 777 932 820; x_wconf 86' lang='lat' dir='ltr'><strong>ne</strong></span> <span class='ocrx_word' id='word_1_31' title='bbox 956 776 1008 820; x_wconf 86' lang='lat' dir='ltr'><strong>me</strong></span> <span class='ocrx_word' id='word_1_32' title='bbox 1025 757 1159 833; x_wconf 85' lang='lat' dir='ltr'><strong>occidas,</strong></span> <span class='ocrx_word' id='word_1_33' title='bbox 1185 768 1223 822; x_wconf 87' lang='lat' dir='ltr'><strong>ut</strong></span> <span class='ocrx_word' id='word_1_34' title='bbox 1243 759 1355 823; x_wconf 82' lang='lat' dir='ltr'><strong>occisio</strong></span> <span class='ocrx_word' id='word_1_35' title='bbox 1374 781 1397 824; x_wconf 89' lang='lat' dir='ltr'><strong>a</strong></span> 
     </span>
     <span class='ocr_line' id='line_1_5' title="bbox 218 879 388 943; baseline 0 -1"><span class='ocrx_word' id='word_1_36' title='bbox 218 899 270 943; x_wconf 86' lang='lat' dir='ltr'><strong>me</strong></span> <span class='ocrx_word' id='word_1_37' title='bbox 292 879 388 943; x_wconf 83' lang='lat' dir='ltr'><strong>absit.</strong></span> 
     </span>
    </p>

    <p class='ocr_par' dir='ltr' id='par_1_3' title="bbox 263 998 1397 1083">
     <span class='ocr_line' id='line_1_6' title="bbox 263 998 1397 1083; baseline 0.001 -20"><span class='ocrx_word' id='word_1_38' title='bbox 263 1001 347 1064; x_wconf 87' lang='lat' dir='ltr'>Item</span> <span class='ocrx_word' id='word_1_39' title='bbox 378 1000 537 1081; x_wconf 90' lang='lat' dir='ltr'><strong>reperitur</strong></span> <span class='ocrx_word' id='word_1_40' title='bbox 564 998 714 1072; x_wconf 82' lang='lat' dir='ltr'><strong>verbum,</strong></span> <span class='ocrx_word' id='word_1_41' title='bbox 738 1000 798 1061; x_wconf 94' lang='lat' dir='ltr'><strong>sed</strong></span> <span class='ocrx_word' id='word_1_42' title='bbox 822 998 946 1064; x_wconf 88' lang='lat' dir='ltr'><strong>omissa</strong></span> <span class='ocrx_word' id='word_1_43' title='bbox 967 1018 1109 1082; x_wconf 90' lang='lat' dir='ltr'><strong>persona</strong></span> <span class='ocrx_word' id='word_1_44' title='bbox 1131 1020 1216 1083; x_wconf 92' lang='lat' dir='ltr'><strong>quae</strong></span> <span class='ocrx_word' id='word_1_45' title='bbox 1240 1009 1397 1064; x_wconf 89' lang='lat' dir='ltr'><strong>exoratur</strong></span> 
     </span>
    </p>
   </div>
   <div class='ocr_carea' id='block_1_3' title="bbox 217 1115 1396 1208">
    <p class='ocr_par' dir='ltr' id='par_1_4' title="bbox 217 1115 1396 1208">
     <span class='ocr_line' id='line_1_7' title="bbox 217 1115 1396 1208; baseline 0.003 -23"><span class='ocrx_word' id='word_1_46' title='bbox 217 1121 346 1185; x_wconf 88' lang='lat' dir='ltr'>Rhesus</span> <span class='ocrx_word' id='word_1_47' title='bbox 378 1122 440 1200; x_wconf 86' lang='lat'><strong>832</strong></span> <span class='ocrx_word' id='word_1_48' title='bbox 473 1140 522 1202; x_wconf 91' lang='lat' dir='ltr'><strong>sq.</strong></span> <span class='ocrx_word' id='word_1_49' title='bbox 552 1115 639 1184; x_wconf 85' lang='grc' dir='ltr'><strong><em>κατοί</em></strong></span> <span class='ocrx_word' id='word_1_50' title='bbox 669 1142 711 1197; x_wconf 86' lang='grc' dir='ltr'><strong><em>ριε</em></strong></span> <span class='ocrx_word' id='word_1_51' title='bbox 734 1116 931 1208; x_wconf 68' lang='grc' dir='ltr'><strong><em>γῖιςίίζῶντα</em></strong></span> <span class='ocrx_word' id='word_1_52' title='bbox 954 1118 1105 1202; x_wconf 85' lang='grc' dir='ltr'><strong><em>πίρενπον·</em></strong></span> <span class='ocrx_word' id='word_1_53' title='bbox 1129 1122 1161 1186; x_wconf 81' lang='grc' dir='ltr'><strong>οὐ</strong></span> <span class='ocrx_word' id='word_1_54' title='bbox 1184 1126 1396 1204; x_wconf 83' lang='grc' dir='ltr'><strong><em>παραιτοῦμαι</em></strong></span> 
     </span>
    </p>
   </div>
   <div class='ocr_carea' id='block_1_4' title="bbox 218 1241 1136 1326">
    <p class='ocr_par' dir='ltr' id='par_1_5' title="bbox 218 1241 1136 1326">
     <span class='ocr_line' id='line_1_8' title="bbox 218 1241 1136 1326; baseline 0.004 -21"><span class='ocrx_word' id='word_1_55' title='bbox 218 1279 263 1290; x_wconf 92' lang='grc'>-</span> <span class='ocrx_word' id='word_1_56' title='bbox 284 1242 398 1306; x_wconf 83' lang='lat' dir='ltr'><strong>viuum</strong></span> <span class='ocrx_word' id='word_1_57' title='bbox 421 1263 472 1305; x_wconf 85' lang='lat' dir='ltr'><strong>me</strong></span> <span class='ocrx_word' id='word_1_58' title='bbox 493 1241 552 1306; x_wconf 87' lang='lat' dir='ltr'><strong>sub</strong></span> <span class='ocrx_word' id='word_1_59' title='bbox 576 1251 700 1306; x_wconf 80' lang='lat' dir='ltr'><strong>terram</strong></span> <span class='ocrx_word' id='word_1_60' title='bbox 723 1241 872 1321; x_wconf 82' lang='lat' dir='ltr'><strong>demitte‚·</strong></span> <span class='ocrx_word' id='word_1_61' title='bbox 893 1264 956 1307; x_wconf 87' lang='grc' dir='ltr'><strong><em>κοιι</em></strong></span> <span class='ocrx_word' id='word_1_62' title='bbox 978 1243 1136 1326; x_wconf 73' lang='lat' dir='ltr'><strong>deprecor.</strong></span> 
     </span>
    </p>
   </div>
   <div class='ocr_carea' id='block_1_5' title="bbox 220 1482 1398 1929">
    <p class='ocr_par' dir='ltr' id='par_1_6' title="bbox 220 1482 1398 1929">
     <span class='ocr_line' id='line_1_9' title="bbox 264 1482 1397 1568; baseline 0.001 -18"><span class='ocrx_word' id='word_1_63' title='bbox 264 1482 297 1550; x_wconf 82' lang='lat' dir='ltr'><strong>d.</strong></span> <span class='ocrx_word' id='word_1_64' title='bbox 344 1484 506 1547; x_wconf 84' lang='lat' dir='ltr'><strong>intensior</strong></span> <span class='ocrx_word' id='word_1_65' title='bbox 528 1484 623 1548; x_wconf 88' lang='lat' dir='ltr'><strong>adest</strong></span> <span class='ocrx_word' id='word_1_66' title='bbox 647 1483 832 1565; x_wconf 85' lang='lat' dir='ltr'><strong>separativa</strong></span> <span class='ocrx_word' id='word_1_67' title='bbox 853 1484 902 1548; x_wconf 93' lang='lat' dir='ltr'><strong>vis</strong></span> <span class='ocrx_word' id='word_1_68' title='bbox 917 1485 1168 1568; x_wconf 86' lang='lat' dir='ltr'><strong>praepositionis</strong></span> <span class='ocrx_word' id='word_1_69' title='bbox 1183 1487 1216 1549; x_wconf 90' lang='lat' dir='ltr'><strong>in</strong></span> <span class='ocrx_word' id='word_1_70' title='bbox 1231 1485 1294 1550; x_wconf 87' lang='lat' dir='ltr'><strong>hac</strong></span> <span class='ocrx_word' id='word_1_71' title='bbox 1310 1506 1397 1551; x_wconf 93' lang='lat' dir='ltr'><strong>com·</strong></span> 
     </span>
     <span class='ocr_line' id='line_1_10' title="bbox 220 1606 1398 1692; baseline 0.001 -21"><span class='ocrx_word' id='word_1_72' title='bbox 220 1607 385 1690; x_wconf 88' lang='lat' dir='ltr'><strong>positione</strong></span> <span class='ocrx_word' id='word_1_73' title='bbox 413 1606 503 1688; x_wconf 91' lang='lat' dir='ltr'><strong>apud</strong></span> <span class='ocrx_word' id='word_1_74' title='bbox 526 1606 717 1679; x_wconf 86' lang='lat' dir='ltr'><strong>Lucianum,</strong></span> <span class='ocrx_word' id='word_1_75' title='bbox 743 1607 799 1687; x_wconf 90' lang='lat' dir='ltr'><strong>qui</strong></span> <span class='ocrx_word' id='word_1_76' title='bbox 822 1606 898 1669; x_wconf 93' lang='lat' dir='ltr'><strong>huic</strong></span> <span class='ocrx_word' id='word_1_77' title='bbox 920 1606 1023 1671; x_wconf 94' lang='lat' dir='ltr'><strong>verbo</strong></span> <span class='ocrx_word' id='word_1_78' title='bbox 1045 1608 1194 1691; x_wconf 81' lang='lat' dir='ltr'><strong>adiungit</strong></span> <span class='ocrx_word' id='word_1_79' title='bbox 1216 1609 1398 1692; x_wconf 85' lang='lat' dir='ltr'><strong>genitivum</strong></span> 
     </span>
     <span class='ocr_line' id='line_1_11' title="bbox 220 1725 1398 1811; baseline 0.002 -19"><span class='ocrx_word' id='word_1_80' title='bbox 220 1729 295 1803; x_wconf 86' lang='lat' dir='ltr'><strong>loci,</strong></span> <span class='ocrx_word' id='word_1_81' title='bbox 317 1727 472 1791; x_wconf 89' lang='lat' dir='ltr'><strong>Abdicat.</strong></span> <span class='ocrx_word' id='word_1_82' title='bbox 493 1747 521 1790; x_wconf 91' lang='lat' dir='ltr'><strong>c.</strong></span> <span class='ocrx_word' id='word_1_83' title='bbox 543 1743 580 1808; x_wconf 82' lang='lat'><strong>13</strong></span> <span class='ocrx_word' id='word_1_84' title='bbox 600 1731 767 1807; x_wconf 76' lang='grc' dir='ltr'><strong><em>παρρτεῖτο</em></strong></span> <span class='ocrx_word' id='word_1_85' title='bbox 783 1734 840 1802; x_wconf 77' lang='grc' dir='ltr'><strong>τῆς</strong></span> <span class='ocrx_word' id='word_1_86' title='bbox 855 1725 958 1803; x_wconf 87' lang='grc' dir='ltr'><strong><em>οίκίας,</em></strong></span> <span class='ocrx_word' id='word_1_87' title='bbox 974 1729 1095 1793; x_wconf 89' lang='lat' dir='ltr'><strong>ibidem</strong></span> <span class='ocrx_word' id='word_1_88' title='bbox 1111 1750 1139 1794; x_wconf 90' lang='lat' dir='ltr'><strong>c.</strong></span> <span class='ocrx_word' id='word_1_89' title='bbox 1161 1746 1200 1811; x_wconf 90' lang='lat'><strong>19</strong></span> <span class='ocrx_word' id='word_1_90' title='bbox 1215 1729 1398 1794; x_wconf 67' lang='grc' dir='ltr'><strong>ἀπωθεῖσθαι</strong></span> 
     </span>
     <span class='ocr_line' id='line_1_12' title="bbox 220 1846 716 1929; baseline -0.004 -15"><span class='ocrx_word' id='word_1_91' title='bbox 220 1848 274 1914; x_wconf 83' lang='grc' dir='ltr'><strong><em>καὶ</em></strong></span> <span class='ocrx_word' id='word_1_92' title='bbox 297 1858 354 1925; x_wconf 75' lang='grc' dir='ltr'><strong>τῆς</strong></span> <span class='ocrx_word' id='word_1_93' title='bbox 378 1847 471 1921; x_wconf 85' lang='grc' dir='ltr'><strong><em>οίκίας</em></strong></span> <span class='ocrx_word' id='word_1_94' title='bbox 494 1846 716 1929; x_wconf 77' lang='grc' dir='ltr'><strong><em>παραιτεῖσθαι.</em></strong></span> 
     </span>
    </p>
   </div>
   <div class='ocr_carea' id='block_1_6' title="bbox 268 2040 476 2125">
    <p class='ocr_par' dir='ltr' id='par_1_7' title="bbox 268 2040 476 2125">
     <span class='ocr_line' id='line_1_13' title="bbox 268 2040 476 2125; baseline -0.01 -18"><span class='ocrx_word' id='word_1_95' title='bbox 268 2040 476 2125; x_wconf 78' lang='grc' dir='ltr'><strong><em>παροιννιίναι.</em></strong></span> 
     </span>
    </p>
   </div>
   <div class='ocr_carea' id='block_1_7' title="bbox 220 2212 1433 4360">
    <p class='ocr_par' dir='ltr' id='par_1_8' title="bbox 223 2212 1404 2420">
     <span class='ocr_line' id='line_1_14' title="bbox 266 2212 1404 2298; baseline 0.002 -19"><span class='ocrx_word' id='word_1_96' title='bbox 266 2216 342 2280; x_wconf 92' lang='lat' dir='ltr'><strong>Huc</strong></span> <span class='ocrx_word' id='word_1_97' title='bbox 373 2235 506 2298; x_wconf 91' lang='lat' dir='ltr'><strong>quoque</strong></span> <span class='ocrx_word' id='word_1_98' title='bbox 536 2214 622 2277; x_wconf 92' lang='lat' dir='ltr'><strong>trahi</strong></span> <span class='ocrx_word' id='word_1_99' title='bbox 649 2223 781 2298; x_wconf 85' lang='lat' dir='ltr'><strong>oportet</strong></span> <span class='ocrx_word' id='word_1_100' title='bbox 803 2215 944 2278; x_wconf 89' lang='lat' dir='ltr'><strong>verbum</strong></span> <span class='ocrx_word' id='word_1_101' title='bbox 968 2212 1163 2296; x_wconf 75' lang='grc' dir='ltr'><strong><em>παροιγνιίναι</em></strong></span> <span class='ocrx_word' id='word_1_102' title='bbox 1186 2216 1276 2298; x_wconf 93' lang='lat' dir='ltr'><strong>quod</strong></span> <span class='ocrx_word' id='word_1_103' title='bbox 1300 2215 1404 2281; x_wconf 89' lang='lat' dir='ltr'><strong>semel</strong></span> 
     </span>
     <span class='ocr_line' id='line_1_15' title="bbox 223 2336 637 2420; baseline -0.007 -19"><span class='ocrx_word' id='word_1_104' title='bbox 223 2339 312 2420; x_wconf 91' lang='lat' dir='ltr'><strong>apud</strong></span> <span class='ocrx_word' id='word_1_105' title='bbox 336 2344 485 2400; x_wconf 89' lang='lat' dir='ltr'><strong>nostrum</strong></span> <span class='ocrx_word' id='word_1_106' title='bbox 509 2336 637 2419; x_wconf 85' lang='lat' dir='ltr'><strong>legitur.</strong></span> 
     </span>
    </p>

    <p class='ocr_par' dir='ltr' id='par_1_9' title="bbox 220 2454 1433 4360">
     <span class='ocr_line' id='line_1_16' title="bbox 267 2454 1404 2542; baseline 0.001 -19"><span class='ocrx_word' id='word_1_107' title='bbox 267 2455 463 2538; x_wconf 73' lang='lat' dir='ltr'><strong>rrupuyuluur</strong></span> <span class='ocrx_word' id='word_1_108' title='bbox 487 2467 520 2521; x_wconf 91' lang='lat' dir='ltr'><strong>et</strong></span> <span class='ocrx_word' id='word_1_109' title='bbox 545 2454 740 2537; x_wconf 87' lang='grc' dir='ltr'><strong><em>παρακλίνειν</em></strong></span> <span class='ocrx_word' id='word_1_110' title='bbox 763 2460 896 2542; x_wconf 88' lang='lat' dir='ltr'><strong>proprie</strong></span> <span class='ocrx_word' id='word_1_111' title='bbox 912 2457 990 2521; x_wconf 91' lang='lat' dir='ltr'><strong>nihil</strong></span> <span class='ocrx_word' id='word_1_112' title='bbox 1006 2458 1095 2521; x_wconf 91' lang='lat' dir='ltr'><strong>aliud</strong></span> <span class='ocrx_word' id='word_1_113' title='bbox 1110 2467 1161 2522; x_wconf 91' lang='lat' dir='ltr'><strong>est</strong></span> <span class='ocrx_word' id='word_1_114' title='bbox 1176 2459 1237 2523; x_wconf 94' lang='lat' dir='ltr'><strong>nisi</strong></span> <span class='ocrx_word' id='word_1_115' title='bbox 1263 2461 1404 2525; x_wconf 89' lang='lat' dir='ltr'><strong>dextr·</strong></span> 
     </span>
     <span class='ocr_line' id='line_1_17' title="bbox 220 2580 1402 2665; baseline 0 -21"><span class='ocrx_word' id='word_1_116' title='bbox 220 2601 344 2644; x_wconf 92' lang='lat' dir='ltr'><strong>orsus</strong></span> <span class='ocrx_word' id='word_1_117' title='bbox 378 2590 449 2644; x_wconf 92' lang='lat' dir='ltr'><strong>aut</strong></span> <span class='ocrx_word' id='word_1_118' title='bbox 483 2580 768 2643; x_wconf 90' lang='lat' dir='ltr'><strong>sinistrorsus</strong></span> <span class='ocrx_word' id='word_1_119' title='bbox 805 2601 975 2644; x_wconf 90' lang='lat' dir='ltr'><strong>movere</strong></span> <span class='ocrx_word' id='word_1_120' title='bbox 1010 2581 1177 2644; x_wconf 90' lang='lat' dir='ltr'><strong>ianuam</strong></span> <span class='ocrx_word' id='word_1_121' title='bbox 1211 2603 1231 2645; x_wconf 92' lang='lat' dir='ltr'><strong>a</strong></span> <span class='ocrx_word' id='word_1_122' title='bbox 1264 2590 1402 2665; x_wconf 91' lang='lat' dir='ltr'><strong>poste.</strong></span> 
     </span>
     <span class='ocr_line' id='line_1_18' title="bbox 222 2701 1406 2787; baseline 0.002 -21"><span class='ocrx_word' id='word_1_123' title='bbox 222 2703 332 2785; x_wconf 85' lang='lat' dir='ltr'><strong>Quam</strong></span> <span class='ocrx_word' id='word_1_124' title='bbox 367 2704 411 2766; x_wconf 93' lang='lat' dir='ltr'><strong>ob</strong></span> <span class='ocrx_word' id='word_1_125' title='bbox 446 2725 516 2766; x_wconf 90' lang='lat' dir='ltr'><strong>rem</strong></span> <span class='ocrx_word' id='word_1_126' title='bbox 551 2701 749 2782; x_wconf 78' lang='grc' dir='ltr'><strong><em>παροιννιίναι</em></strong></span> <span class='ocrx_word' id='word_1_127' title='bbox 784 2703 918 2785; x_wconf 81' lang='lat' dir='ltr'><strong>aperire</strong></span> <span class='ocrx_word' id='word_1_128' title='bbox 952 2704 1089 2767; x_wconf 84' lang='lat' dir='ltr'><strong>ianuam</strong></span> <span class='ocrx_word' id='word_1_129' title='bbox 1120 2702 1282 2787; x_wconf 85' lang='lat' dir='ltr'><strong>significat</strong></span> <span class='ocrx_word' id='word_1_130' title='bbox 1313 2705 1406 2786; x_wconf 92' lang='lat' dir='ltr'><strong>apud</strong></span> 
     </span>
     <span class='ocr_line' id='line_1_19' title="bbox 221 2822 1407 2908; baseline -0.001 -18"><span class='ocrx_word' id='word_1_131' title='bbox 221 2826 490 2908; x_wconf 87' lang='lat' dir='ltr'><strong>Aristophanem,</strong></span> <span class='ocrx_word' id='word_1_132' title='bbox 520 2825 600 2888; x_wconf 89' lang='lat' dir='ltr'><strong>Pax.</strong></span> <span class='ocrx_word' id='word_1_133' title='bbox 635 2842 694 2906; x_wconf 85' lang='lat'><strong>30:</strong></span> <span class='ocrx_word' id='word_1_134' title='bbox 720 2823 790 2905; x_wconf 77' lang='grc' dir='ltr'><strong><em>τρδί</em></strong></span> <span class='ocrx_word' id='word_1_135' title='bbox 815 2822 963 2906; x_wconf 77' lang='grc' dir='ltr'><strong><em>παροίξας</em></strong></span> <span class='ocrx_word' id='word_1_136' title='bbox 984 2832 1042 2900; x_wconf 76' lang='grc' dir='ltr'><strong>τῆς</strong></span> <span class='ocrx_word' id='word_1_137' title='bbox 1064 2822 1153 2906; x_wconf 81' lang='grc' dir='ltr'><strong><em>ίιίρας</em></strong></span> <span class='ocrx_word' id='word_1_138' title='bbox 1176 2861 1220 2873; x_wconf 89' lang='grc'><strong>-</strong></span> <span class='ocrx_word' id='word_1_139' title='bbox 1242 2824 1290 2889; x_wconf 82' lang='lat' dir='ltr'><strong>sic</strong></span> <span class='ocrx_word' id='word_1_140' title='bbox 1305 2826 1407 2908; x_wconf 80' lang='lat' dir='ltr'><strong>paul·</strong></span> 
     </span>
     <span class='ocr_line' id='line_1_20' title="bbox 222 2946 1406 3030; baseline -0.003 -18"><span class='ocrx_word' id='word_1_141' title='bbox 222 2950 326 3013; x_wconf 88' lang='lat' dir='ltr'><strong>lulum</strong></span> <span class='ocrx_word' id='word_1_142' title='bbox 356 2948 507 3029; x_wconf 82' lang='lat' dir='ltr'><strong>aperz’ens</strong></span> <span class='ocrx_word' id='word_1_143' title='bbox 539 2948 690 3022; x_wconf 86' lang='lat' dir='ltr'><strong>ianuam,</strong></span> <span class='ocrx_word' id='word_1_144' title='bbox 721 2948 778 3010; x_wconf 93' lang='lat' dir='ltr'><strong>ubi</strong></span> <span class='ocrx_word' id='word_1_145' title='bbox 810 2947 973 3030; x_wconf 88' lang='lat' dir='ltr'><strong>genitivus</strong></span> <span class='ocrx_word' id='word_1_146' title='bbox 996 2947 1165 3030; x_wconf 89' lang='lat' dir='ltr'><strong>partitivus</strong></span> <span class='ocrx_word' id='word_1_147' title='bbox 1188 2946 1313 3009; x_wconf 91' lang='lat' dir='ltr'><strong>indicat</strong></span> <span class='ocrx_word' id='word_1_148' title='bbox 1337 2966 1406 3009; x_wconf 90' lang='lat' dir='ltr'><strong>non</strong></span> 
     </span>
     <span class='ocr_line' id='line_1_21' title="bbox 224 3067 1406 3152; baseline -0.001 -21"><span class='ocrx_word' id='word_1_149' title='bbox 224 3089 357 3152; x_wconf 89' lang='lat' dir='ltr'><strong>prorsus</strong></span> <span class='ocrx_word' id='word_1_150' title='bbox 381 3067 505 3131; x_wconf 91' lang='lat' dir='ltr'><strong>recludi</strong></span> <span class='ocrx_word' id='word_1_151' title='bbox 529 3069 673 3130; x_wconf 91' lang='lat' dir='ltr'><strong>ianuam.</strong></span> <span class='ocrx_word' id='word_1_152' title='bbox 720 3068 850 3131; x_wconf 90' lang='lat' dir='ltr'><strong>Eodem</strong></span> <span class='ocrx_word' id='word_1_153' title='bbox 874 3069 974 3131; x_wconf 94' lang='lat' dir='ltr'><strong>modo</strong></span> <span class='ocrx_word' id='word_1_154' title='bbox 998 3068 1086 3150; x_wconf 88' lang='lat' dir='ltr'><strong>apud</strong></span> <span class='ocrx_word' id='word_1_155' title='bbox 1111 3067 1323 3131; x_wconf 91' lang='lat' dir='ltr'><strong>Herodotum</strong></span> <span class='ocrx_word' id='word_1_156' title='bbox 1348 3067 1406 3130; x_wconf 89' lang='lat'>111.</span> 
     </span>
     <span class='ocr_line' id='line_1_22' title="bbox 227 3181 1433 3269; baseline -0.002 -18"><span class='ocrx_word' id='word_1_157' title='bbox 227 3189 289 3269; x_wconf 83' lang='lat'><strong>156</strong></span> <span class='ocrx_word' id='word_1_158' title='bbox 312 3185 412 3264; x_wconf 73' lang='grc' dir='ltr'><strong><em>ὀλίγον</em></strong></span> <span class='ocrx_word' id='word_1_159' title='bbox 438 3211 468 3251; x_wconf 92' lang='grc' dir='ltr'><strong>τι</strong></span> <span class='ocrx_word' id='word_1_160' title='bbox 494 3183 738 3268; x_wconf 79' lang='grc' dir='ltr'><strong><em>παρακλίναντες</em></strong></span> <span class='ocrx_word' id='word_1_161' title='bbox 761 3185 817 3258; x_wconf 75' lang='grc' dir='ltr'><strong>τὴν</strong></span> <span class='ocrx_word' id='word_1_162' title='bbox 841 3181 939 3264; x_wconf 73' lang='grc' dir='ltr'><strong><em>ἑτέρην</em></strong></span> <span class='ocrx_word' id='word_1_163' title='bbox 964 3182 1063 3259; x_wconf 77' lang='grc' dir='ltr'><strong><em>πύλιρν</em></strong></span> <span class='ocrx_word' id='word_1_164' title='bbox 1087 3185 1203 3248; x_wconf 92' lang='lat' dir='ltr'><strong>dicitur</strong></span> <span class='ocrx_word' id='word_1_165' title='bbox 1232 3185 1275 3249; x_wconf 91' lang='lat' dir='ltr'><strong>de</strong></span> <span class='ocrx_word' id='word_1_166' title='bbox 1291 3186 1407 3249; x_wconf 89' lang='lat' dir='ltr'><strong>semia·</strong></span> <span class='ocrx_word' id='word_1_167' title='bbox 1431 3227 1433 3232; x_wconf 91' lang='lat'><em>-</em></span> 
     </span>
     <span class='ocr_line' id='line_1_23' title="bbox 223 3305 1407 3394; baseline -0.003 -20"><span class='ocrx_word' id='word_1_168' title='bbox 223 3319 317 3394; x_wconf 90' lang='lat' dir='ltr'><strong>perta</strong></span> <span class='ocrx_word' id='word_1_169' title='bbox 335 3319 439 3392; x_wconf 89' lang='lat' dir='ltr'><strong>porta,</strong></span> <span class='ocrx_word' id='word_1_170' title='bbox 458 3309 548 3391; x_wconf 91' lang='lat' dir='ltr'><strong>quod</strong></span> <span class='ocrx_word' id='word_1_171' title='bbox 564 3309 759 3390; x_wconf 87' lang='lat' dir='ltr'><strong>designatur</strong></span> <span class='ocrx_word' id='word_1_172' title='bbox 773 3327 838 3389; x_wconf 89' lang='lat' dir='ltr'><strong>ope</strong></span> <span class='ocrx_word' id='word_1_173' title='bbox 853 3305 1005 3370; x_wconf 92' lang='lat' dir='ltr'><strong>vocabuli</strong></span> <span class='ocrx_word' id='word_1_174' title='bbox 1021 3305 1130 3384; x_wconf 76' lang='grc' dir='ltr'><strong><em>ὀλίγον.</em></strong></span> <span class='ocrx_word' id='word_1_175' title='bbox 1155 3307 1255 3370; x_wconf 93' lang='lat' dir='ltr'><strong>Hisce</strong></span> <span class='ocrx_word' id='word_1_176' title='bbox 1274 3305 1407 3370; x_wconf 92' lang='lat' dir='ltr'><strong>duobus</strong></span> 
     </span>
     <span class='ocr_line' id='line_1_24' title="bbox 225 3424 1406 3508; baseline -0.003 -14"><span class='ocrx_word' id='word_1_177' title='bbox 225 3431 305 3495; x_wconf 92' lang='lat' dir='ltr'><strong>locis</strong></span> <span class='ocrx_word' id='word_1_178' title='bbox 329 3453 396 3495; x_wconf 90' lang='lat' dir='ltr'><strong>non</strong></span> <span class='ocrx_word' id='word_1_179' title='bbox 420 3452 554 3495; x_wconf 89' lang='lat' dir='ltr'><strong>necesse</strong></span> <span class='ocrx_word' id='word_1_180' title='bbox 580 3439 632 3494; x_wconf 88' lang='lat' dir='ltr'><strong>est</strong></span> <span class='ocrx_word' id='word_1_181' title='bbox 657 3430 765 3493; x_wconf 92' lang='lat' dir='ltr'><strong>verbis</strong></span> <span class='ocrx_word' id='word_1_182' title='bbox 789 3425 985 3508; x_wconf 75' lang='grc' dir='ltr'><strong><em>παροιννιίναι</em></strong></span> <span class='ocrx_word' id='word_1_183' title='bbox 1007 3437 1042 3491; x_wconf 90' lang='lat' dir='ltr'><strong>et</strong></span> <span class='ocrx_word' id='word_1_184' title='bbox 1060 3424 1252 3508; x_wconf 89' lang='grc' dir='ltr'><strong><em>παρακλίνειν</em></strong></span> <span class='ocrx_word' id='word_1_185' title='bbox 1270 3428 1406 3491; x_wconf 88' lang='lat' dir='ltr'><strong>attribui</strong></span> 
     </span>
     <span class='ocr_line' id='line_1_25' title="bbox 224 3547 1407 3634; baseline -0.003 -20"><span class='ocrx_word' id='word_1_186' title='bbox 224 3552 393 3615; x_wconf 91' lang='lat' dir='ltr'><strong>notionem</strong></span> <span class='ocrx_word' id='word_1_187' title='bbox 416 3552 599 3634; x_wconf 88' lang='lat' dir='ltr'><strong>paullulum</strong></span> <span class='ocrx_word' id='word_1_188' title='bbox 622 3550 799 3634; x_wconf 87' lang='lat' dir='ltr'><strong>aperiendi.</strong></span> <span class='ocrx_word' id='word_1_189' title='bbox 843 3549 947 3631; x_wconf 87' lang='lat' dir='ltr'><strong>Apud</strong></span> <span class='ocrx_word' id='word_1_190' title='bbox 962 3547 1153 3630; x_wconf 91' lang='lat' dir='ltr'><strong>Euripidem</strong></span> <span class='ocrx_word' id='word_1_191' title='bbox 1168 3557 1279 3612; x_wconf 88' lang='lat' dir='ltr'><strong>tamen</strong></span> <span class='ocrx_word' id='word_1_192' title='bbox 1297 3548 1407 3634; x_wconf 79' lang='lat' dir='ltr'><strong>lphig,</strong></span> 
     </span>
     <span class='ocr_line' id='line_1_26' title="bbox 224 3669 1407 3753; baseline 0 -18"><span class='ocrx_word' id='word_1_193' title='bbox 224 3672 303 3735; x_wconf 88' lang='lat' dir='ltr'><strong>Aul.</strong></span> <span class='ocrx_word' id='word_1_194' title='bbox 346 3675 408 3753; x_wconf 82' lang='lat'><strong>857</strong></span> <span class='ocrx_word' id='word_1_195' title='bbox 448 3682 484 3735; x_wconf 91' lang='lat' dir='ltr'><strong>ut</strong></span> <span class='ocrx_word' id='word_1_196' title='bbox 518 3672 604 3735; x_wconf 90' lang='lat' dir='ltr'><strong>hanc</strong></span> <span class='ocrx_word' id='word_1_197' title='bbox 639 3672 808 3735; x_wconf 88' lang='lat' dir='ltr'><strong>notionem</strong></span> <span class='ocrx_word' id='word_1_198' title='bbox 842 3671 945 3734; x_wconf 90' lang='lat' dir='ltr'><strong>verbo</strong></span> <span class='ocrx_word' id='word_1_199' title='bbox 979 3669 1194 3733; x_wconf 91' lang='lat' dir='ltr'><strong>attribuamus</strong></span> <span class='ocrx_word' id='word_1_200' title='bbox 1229 3679 1407 3735; x_wconf 87' lang='lat' dir='ltr'><strong>contextus</strong></span> 
     </span>
     <span class='ocr_line' id='line_1_27' title="bbox 225 3789 1408 3875; baseline 0 -21"><span class='ocrx_word' id='word_1_201' title='bbox 225 3795 375 3875; x_wconf 90' lang='lat' dir='ltr'><strong>requirit:</strong></span> <span class='ocrx_word' id='word_1_202' title='bbox 407 3792 453 3864; x_wconf 91' lang='grc' dir='ltr'><strong>τίς</strong></span> <span class='ocrx_word' id='word_1_203' title='bbox 479 3793 493 3856; x_wconf 79' lang='grc' dir='ltr'>ὅ</span> <span class='ocrx_word' id='word_1_204' title='bbox 517 3797 621 3857; x_wconf 81' lang='grc' dir='ltr'><strong><em>καλῶν</em></strong></span> <span class='ocrx_word' id='word_1_205' title='bbox 646 3790 751 3865; x_wconf 81' lang='grc' dir='ltr'><strong><em>πύλας</em></strong></span> <span class='ocrx_word' id='word_1_206' title='bbox 775 3789 944 3872; x_wconf 80' lang='grc' dir='ltr'><strong><em>παροίξας;</em></strong></span> <span class='ocrx_word' id='word_1_207' title='bbox 967 3792 1006 3864; x_wconf 75' lang='grc' dir='ltr'><strong>ὥς</strong></span> <span class='ocrx_word' id='word_1_208' title='bbox 1027 3789 1226 3872; x_wconf 77' lang='grc' dir='ltr'><strong><em>τεταρβηκὼς</em></strong></span> <span class='ocrx_word' id='word_1_209' title='bbox 1247 3798 1346 3854; x_wconf 79' lang='grc' dir='ltr'><strong><em>καλεῖ</em></strong></span> <span class='ocrx_word' id='word_1_210' title='bbox 1362 3829 1408 3839; x_wconf 99' lang='grc'>-</span> 
     </span>
     <span class='ocr_line' id='line_1_28' title="bbox 225 3912 1410 3997; baseline 0 -20"><span class='ocrx_word' id='word_1_211' title='bbox 225 3914 300 3997; x_wconf 84' lang='lat' dir='ltr'><strong>quis</strong></span> <span class='ocrx_word' id='word_1_212' title='bbox 322 3935 374 3976; x_wconf 87' lang='lat' dir='ltr'><strong>me</strong></span> <span class='ocrx_word' id='word_1_213' title='bbox 396 3924 491 3977; x_wconf 86' lang='lat' dir='ltr'><strong>vocal</strong></span> <span class='ocrx_word' id='word_1_214' title='bbox 502 3915 694 3996; x_wconf 84' lang='lat' dir='ltr'><strong>paullulum</strong></span> <span class='ocrx_word' id='word_1_215' title='bbox 721 3915 843 3996; x_wconf 79' lang='lat' dir='ltr'><strong>apertis</strong></span> <span class='ocrx_word' id='word_1_216' title='bbox 858 3914 991 3996; x_wconf 71' lang='lat' dir='ltr'><strong>portu?</strong></span> <span class='ocrx_word' id='word_1_217' title='bbox 1012 3922 1050 3976; x_wconf 85' lang='lat' dir='ltr'><strong>ut</strong></span> <span class='ocrx_word' id='word_1_218' title='bbox 1062 3912 1281 3995; x_wconf 84' lang='lat' dir='ltr'><strong>perturbatus</strong></span> <span class='ocrx_word' id='word_1_219' title='bbox 1295 3920 1410 3977; x_wconf 86' lang='lat' dir='ltr'><strong>vocat!</strong></span> 
     </span>
     <span class='ocr_line' id='line_1_29' title="bbox 224 4031 1408 4117; baseline 0.002 -20"><span class='ocrx_word' id='word_1_220' title='bbox 224 4035 437 4117; x_wconf 92' lang='lat' dir='ltr'><strong>Perspicuum</strong></span> <span class='ocrx_word' id='word_1_221' title='bbox 462 4036 550 4098; x_wconf 91' lang='lat' dir='ltr'><strong>enim</strong></span> <span class='ocrx_word' id='word_1_222' title='bbox 572 4044 623 4099; x_wconf 88' lang='lat' dir='ltr'><strong>est</strong></span> <span class='ocrx_word' id='word_1_223' title='bbox 641 4055 753 4099; x_wconf 91' lang='lat' dir='ltr'><strong>senem</strong></span> <span class='ocrx_word' id='word_1_224' title='bbox 769 4031 987 4114; x_wconf 77' lang='grc' dir='ltr'><strong><em>τεταρβνκίτα</em></strong></span> <span class='ocrx_word' id='word_1_225' title='bbox 1002 4054 1069 4097; x_wconf 91' lang='lat' dir='ltr'><strong>non</strong></span> <span class='ocrx_word' id='word_1_226' title='bbox 1086 4054 1223 4117; x_wconf 92' lang='lat' dir='ltr'><strong>prorsus</strong></span> <span class='ocrx_word' id='word_1_227' title='bbox 1237 4033 1408 4099; x_wconf 89' lang='lat' dir='ltr'><strong>recludere</strong></span> 
     </span>
     <span class='ocr_line' id='line_1_30' title="bbox 224 4155 1407 4238; baseline 0.001 -20"><span class='ocrx_word' id='word_1_228' title='bbox 224 4165 364 4238; x_wconf 90' lang='lat' dir='ltr'><strong>portam,</strong></span> <span class='ocrx_word' id='word_1_229' title='bbox 377 4155 437 4218; x_wconf 92' lang='lat' dir='ltr'><strong>sed</strong></span> <span class='ocrx_word' id='word_1_230' title='bbox 448 4174 509 4236; x_wconf 90' lang='lat' dir='ltr'><strong>per</strong></span> <span class='ocrx_word' id='word_1_231' title='bbox 520 4156 753 4238; x_wconf 91' lang='lat' dir='ltr'><strong>semiapertam</strong></span> <span class='ocrx_word' id='word_1_232' title='bbox 765 4157 896 4221; x_wconf 90' lang='lat' dir='ltr'><strong>ianuam</strong></span> <span class='ocrx_word' id='word_1_233' title='bbox 908 4155 1074 4219; x_wconf 89' lang='lat' dir='ltr'><strong>Achillem</strong></span> <span class='ocrx_word' id='word_1_234' title='bbox 1089 4175 1219 4218; x_wconf 84' lang='lat' dir='ltr'><strong>vocare.</strong></span> <span class='ocrx_word' id='word_1_235' title='bbox 1243 4155 1326 4218; x_wconf 91' lang='lat' dir='ltr'><strong>Puto</strong></span> <span class='ocrx_word' id='word_1_236' title='bbox 1338 4175 1407 4219; x_wconf 89' lang='lat' dir='ltr'><strong>ver·</strong></span> 
     </span>
     <span class='ocr_line' id='line_1_31' title="bbox 224 4273 1405 4360; baseline 0 -20"><span class='ocrx_word' id='word_1_237' title='bbox 224 4278 304 4341; x_wconf 91' lang='lat' dir='ltr'><strong>bum</strong></span> <span class='ocrx_word' id='word_1_238' title='bbox 325 4273 520 4357; x_wconf 74' lang='grc' dir='ltr'><strong><em>παροιννιίναι</em></strong></span> <span class='ocrx_word' id='word_1_239' title='bbox 540 4277 710 4340; x_wconf 88' lang='lat' dir='ltr'><strong>notionem</strong></span> <span class='ocrx_word' id='word_1_240' title='bbox 733 4276 961 4359; x_wconf 88' lang='lat' dir='ltr'><strong>paullulum</strong></span> <span class='ocrx_word' id='word_1_241' title='bbox 983 4276 1190 4360; x_wconf 88' lang='lat' dir='ltr'><strong>aperiendi</strong></span> <span class='ocrx_word' id='word_1_242' title='bbox 1215 4277 1405 4359; x_wconf 85' lang='lat' dir='ltr'><strong>sumpsisse,</strong></span> 
     </span>
    </p>
   </div>
   <div class='ocr_carea' id='block_1_8' title="bbox 0 0 1531 4808">
    <p class='ocr_par' dir='ltr' id='par_1_10' title="bbox 0 0 1531 4808">
     <span class='ocr_line' id='line_1_32' title="bbox 0 0 1531 4808; baseline 0 0"><span class='ocrx_word' id='word_1_243' title='bbox 0 0 1531 4808; x_wconf 95' lang='lat' dir='ltr'><strong> </strong></span> 
     </span>
    </p>
   </div>
  </div>
 </body>
</html>
