3038 4808
597 1125 817 1199 CAPUT
855 1127 901 1200 V.

297 1327 500 1408 Praepositz‘o
525 1322 610 1404 παρα
633 1326 801 1390 rectionem
822 1336 926 1390 motus
945 1327 1042 1390 verbo
1061 1327 1208 1410 expressi

397 1447 528 1522 zizdicat,
553 1447 645 1511 cuius
658 1448 745 1532 finis
760 1447 952 1530 praesentia
974 1447 1114 1512 alicuius

557 1580 721 1651 personae
742 1570 797 1632 vel
817 1569 868 1632 rei
887 1579 943 1633 est.

211 1915 427 1998 παρέρχεσθαι.
473 1914 642 2000 (παριέναι).
688 1916 877 1999 (παρελθεῖν).

212 2090 490 2171 Praepositionem
511 2087 597 2169 παραὶ
613 2091 793 2153 rectionem
809 2099 917 2153 motus
933 2091 976 2154 ad
993 2091 1135 2172 aliquem
1149 2091 1203 2156 vel
1218 2092 1342 2176 aliquid

168 2212 312 2275 indicare
355 2213 514 2295 imprimis
555 2221 695 2295 apparet
736 2213 769 2276 in
808 2214 993 2294 composito
1029 2212 1234 2294 παρέρχεσθαι
1268 2217 1288 2278 i.
1313 2235 1342 2280 e.

169 2329 310 2412 ἔρχεσθαι
333 2330 411 2398 ὥστε
434 2341 581 2414 παρεῖναι.
627 2335 678 2398 Eo
694 2356 791 2399 sensu
808 2334 992 2399 adhibitum
1008 2356 1083 2398 cum
1099 2337 1343 2420 praepositione

169 2450 224 2518 ἔσω
256 2457 463 2538 coniungitur
493 2457 611 2520 Helen.
635 2472 697 2537 451
726 2454 788 2531 οὔκ,
812 2457 889 2519 ἀλλ’
914 2453 970 2519 ἔσω
995 2454 1129 2537 πάρειμι·
1153 2456 1206 2521 καὶ
1230 2457 1267 2522 τύ
1291 2482 1345 2537 μοι

170 2574 320 2638 πιθοῦ-
343 2599 405 2640 non
436 2578 597 2659 (faciam),
629 2579 690 2642 sed
719 2578 857 2651 intrabo,
889 2589 922 2642 et
950 2589 984 2642 tu
1008 2589 1096 2659 pare
1117 2579 1210 2643 mihi.
1257 2581 1342 2645 Item

168 2696 325 2780 Sophocl.
349 2699 469 2764 Electr.
498 2715 591 2780 1337.
639 2699 722 2763 Cum
745 2701 987 2782 praepositione
1011 2700 1051 2772 εἷς
1065 2700 1184 2783 legitur
1200 2703 1260 2765 lon
1277 2704 1341 2765 228

171 2828 204 2883 et
235 2835 300 2899 229
332 2816 441 2898 πάριτε
468 2821 498 2891 ἐς
521 2819 665 2898 θυμέλας,
690 2819 742 2884 ἐπὶ
767 2819 793 2883 δ’
816 2818 1149 2909 ατφαὶκταιςῌριήλατι
1172 2820 1272 2898 δόμων
1296 2823 1342 2901 μὴ

172 2938 275 3020 πάριτ’
306 2942 336 3016 ἐς
366 2941 471 3023 μυχόν
496 2981 536 2990 -
561 2943 691 3006 introite
716 2944 752 3007 in
775 2965 909 3024 aream,·
932 2944 1000 3007 nisi
1020 2965 1097 3007 vero
1120 2945 1346 3009 mactaveritis

170 3085 253 3138 oves,
278 3065 375 3128 nolite
397 3066 523 3129 intrare
545 3065 580 3129 in
603 3065 788 3128 interiorem
811 3067 934 3130 aedem.
981 3066 1019 3128 In
1039 3066 1156 3129 eadem
1171 3068 1343 3149 tragoedia

171 3186 288 3249 iterum
318 3207 393 3249 cum
424 3187 667 3269 praepositione
697 3186 739 3259 εἷς
766 3188 906 3250 occurrit
929 3206 977 3249 vs.
1007 3202 1086 3268 1171
1112 3207 1161 3269 sq.
1187 3189 1344 3269 παρελθὼν

172 3304 308 3387 πρέσβυς
341 3307 372 3380 ἐς
394 3305 486 3384 μέσον
522 3303 716 3394 πέδρνΗέττη
742 3344 783 3354 -
806 3328 906 3371 senex
921 3317 1119 3390 progressus
1141 3308 1175 3372 in
1198 3310 1342 3375 medium

170 3431 275 3493 solum
306 3431 454 3495 constitit.
501 3430 678 3493 Extremus
704 3430 800 3492 locus
819 3429 992 3492 transitum
1017 3428 1094 3492 facit
1116 3431 1160 3493 ad
1183 3451 1258 3493 eam
1282 3434 1343 3496 usi·

171 3552 366 3615 tutissimam
390 3554 572 3624 notionem,
596 3571 662 3633 qua
685 3551 874 3632 saepissime
891 3551 1066 3632 scriptores
1081 3552 1185 3615 Attici
1202 3553 1251 3616 usi
1267 3564 1347 3617 sunt

171 3677 234 3736 hoc
256 3674 369 3747 verbo,
393 3683 430 3736 ut
452 3676 634 3738 indicarent
663 3674 851 3756 aliquem
883 3675 933 3736 ad
964 3673 1225 3755 loquendum
1256 3696 1344 3757 pro

173 3796 308 3878 gredi,
332 3818 361 3859 e.
386 3818 417 3879 g.
441 3796 592 3877 Thucyd.
618 3796 657 3857 ΙΙ.
685 3808 725 3875 59
751 3795 906 3874 παρελθὼν
930 3793 963 3858 δὲ
985 3792 1073 3871 ἔλεξε
1096 3792 1208 3859 τοιαίδε.

217 3917 349 3980 Deinde
379 3918 442 3980 hoc
473 3919 691 4000 compositum
722 3938 798 3979 cum
829 3917 900 3979 solo
927 3919 1114 3981 accusativo
1137 3920 1343 3982 construitur.

171 4039 242 4105 Iam
258 4058 355 4121 supra
371 4039 415 4120 (p.
434 4050 449 4117 5
468 4040 561 4121 sqq.),
577 4059 652 4101 cum
668 4039 710 4102 de
726 4040 829 4102 verbo
847 4043 983 4119 παρεῖναι
995 4040 1133 4122 egimus,
1147 4039 1233 4102 hunc
1246 4061 1343 4104 usum

173 4160 349 4224 accusativi
373 4179 471 4240 quem
490 4159 586 4222 valde
603 4180 733 4222 amasse
750 4168 849 4241 poeta
865 4169 976 4223 noster
992 4159 1131 4234 videtur,
1148 4161 1344 4225 notavimus.

175 4283 313 4367 Hippoi.
350 4282 410 4344 108
440 4300 489 4362 sq.
515 4281 647 4359 χωρεῖτ’,
671 4278 789 4356 ὀπαδοί,
813 4279 866 4344 καὶ
890 4278 1089 4361 παρελθόντες
1111 4277 1344 4368 δόμοαςΙΙτίτων
