3038 4808
577 1213 797 1288 CAPUT
835 1215 927 1289 Vll.

252 1415 456 1498 Praeposun
478 1413 565 1496 παρα
586 1415 877 1498 transgressionem
898 1414 941 1478 ab
963 1414 1070 1479 altera
1092 1416 1268 1480 conditzime

560 1537 597 1600 in
621 1537 759 1600 alteram
783 1536 941 1621 designat.

222 1944 498 2009 Praecedentibus
536 1945 645 2009 verbis
678 1945 819 2009 vidimus
850 1941 935 2024 παρα
964 1965 1211 2026 nonnumquam
1241 1954 1341 2008 trans·

172 2067 376 2151 gressionem
399 2067 519 2130 obiecti
542 2067 584 2131 ab
608 2067 711 2131 altero
733 2067 807 2131 loco
830 2068 863 2130 in
881 2067 1020 2130 alterum
1035 2067 1202 2131 denotare.
1225 2066 1341 2130 Trans·

169 2189 238 2253 late
254 2192 333 2253 item
349 2189 492 2252 indicare
508 2199 618 2272 potest
632 2191 714 2253 haec
730 2191 929 2272 praepositio
947 2190 1340 2271 transgressionem

168 2310 222 2374 ab
258 2309 397 2373 altera
431 2311 683 2375 conditione
717 2312 759 2374 in
792 2312 981 2375 alteram.
1027 2309 1197 2373 Paullatim
1229 2318 1341 2373 tamen

173 2433 263 2515 prior
293 2452 369 2514 pars
400 2431 502 2496 huius.
524 2434 665 2497 notionis
692 2435 832 2507 evanuit,
856 2454 932 2496 cum
957 2433 1062 2496 maior
1083 2433 1132 2494 vis
1154 2432 1286 2496 caderet
1308 2435 1341 2495 in

169 2556 307 2618 alteram
326 2555 563 2618 'conditionem
587 2553 772 2637 Sequantur
794 2553 896 2617 verba
918 2555 1036 2636 quibus
1058 2555 1143 2619 hanc
1166 2553 1230 2616 vim
1250 2573 1341 2634 prae·

169 2673 339 2755 positionis
362 2671 470 2735 adhue
492 2672 697 2753 deprendere
719 2672 892 2753 possimus.

219 2881 424 2962 παραπείθεα.

217 3069 367 3132 Verbum
385 3066 580 3148 rapnrrr'lrrr
594 3068 683 3152 apud
699 3075 848 3131 nostrum
862 3069 1024 3151 tragicum
1040 3090 1106 3132 uno
1121 3069 1196 3134 loco
1212 3079 1341 3135 tantum

173 3192 332 3253 occurrit:
350 3189 463 3274 Suppl.
480 3190 524 3253 60
539 3210 587 3272 sq.
605 3186 793 3269 παράπεισον
810 3187 843 3253 δέ
854 3187 931 3266 τεόν,
944 3187 1107 3268 λισσόμεθ’,
1120 3189 1343 3280 ε’λθεῒνΗπέαναν

174 3349 215 3358 -
235 3313 402 3392 persuade
414 3312 492 3396 filio
514 3322 578 3388 tuo,
593 3322 779 3393 precamur,
803 3322 840 3376 ut
859 3313 980 3376 veniat.
1015 3311 1075 3374 Vis
1094 3314 1343 3395 praepositionis

173 3436 349 3519 perspicua
375 3444 442 3512 est;
466 3432 575 3498 πείθειν
596 3435 685 3497 enim
708 3433 869 3498 Aethram
892 3440 1023 3515 oportet
1045 3432 1146 3496 filium
1169 3454 1212 3496 ex
1235 3435 1343 3496 condi·

176 3559 267 3620 tione
290 3558 437 3621 desidiae
459 3558 502 3620 ad
525 3555 637 3619 auxilii
659 3556 827 3620 lationem.

222 3679 346 3742 Notum
370 3687 420 3742 est
441 3679 505 3742 hoc
527 3678 663 3743 verbum
685 3699 729 3741 ex
751 3678 911 3751 Homero,
935 3676 992 3758 qui
1014 3695 1081 3738 non
1103 3675 1210 3739 solum
1226 3677 1345 3740 eodem

175 3803 275 3865 modo
298 3801 432 3886 (Odyss.
456 3800 563 3864 XXII.
588 3802 674 3883 213),
697 3801 756 3863 sed
775 3820 875 3882 saepe
890 3819 966 3862 eum
982 3799 1168 3862 accusativo
1182 3818 1345 3880 personae

178 3932 308 3987 tantum
331 3925 433 3987 verbo
456 3943 534 3986 usus
557 3932 608 3986 est
630 3922 731 4006 (Iliad.
755 3922 831 3986 Vll.
859 3922 940 4003 120).

224 4044 324 4108 Notio
347 4044 454 4108 male
484 4043 775 4127 persuadendi
798 4044 893 4106 adest
908 4040 1050 4105 Platonis
1065 4042 1170 4126 Legg.
1188 4040 1218 4103 X
1234 4061 1267 4122 p.
1281 4040 1344 4118 892

180 4162 396 4246 φυλάττωμεν
419 4164 456 4241 ll
481 4161 684 4230 παντάπασιν
700 4162 865 4238 ἀπατηλὸν
881 4160 981 4242 λόγον,
997 4164 1041 4242 μὴ
1057 4164 1141 4241 ἡμᾶς
1156 4159 1345 4242 παραπείσῃ.

177 4287 230 4352 De
253 4309 320 4371 quo
343 4309 404 4352 usu
427 4289 502 4352 vide
524 4285 606 4350 infra
628 4307 656 4350 c.
681 4287 784 4352 vlu„

1232 4393 1249 4444 6
