3038 4808
189 1105 313 1171 Studiis
351 1107 547 1170 academicis
581 1105 681 1169 tinem
717 1106 909 1187 imposituro
945 1113 1046 1169 restat
1083 1104 1161 1168 mihi
1196 1104 1319 1169 laetum

145 1245 287 1310 officium
304 1244 391 1322 Tibi,
407 1244 587 1310 clarissime
602 1246 738 1329 Kuiper,
755 1246 934 1328 promotori
950 1264 1036 1322 meo,
1053 1246 1176 1328 gratias
1186 1245 1318 1328 agendi.

146 1385 286 1447 Laetum
316 1383 397 1448 illud
428 1383 571 1447 officium
601 1404 742 1467 semper,
775 1384 834 1447 sed
861 1383 939 1446 mihi
964 1382 1179 1447 laetissimum
1203 1391 1238 1446 et
1261 1383 1321 1444 sin·

147 1520 268 1606 gulare,
300 1524 459 1604 quoniam
482 1542 550 1585 non
573 1521 679 1585 solum
702 1522 736 1585 in
758 1520 941 1585 Academia
964 1541 1093 1605 semper
1116 1522 1264 1585 doctrina
1288 1528 1322 1582 et

149 1658 381 1725 benevolentia
414 1660 488 1724 Tua
523 1681 601 1724 usus
635 1680 719 1737 sum,
755 1662 815 1724 sed
849 1660 949 1723 etiam
982 1681 1036 1724 me
1059 1679 1199 1742 puemm
1222 1667 1321 1740 atque

152 1797 322 1880 Gymnasii
338 1798 572 1874 Harlemensis,
589 1799 680 1862 cuius
696 1799 891 1863 memoriam
902 1797 1029 1862 Tecum
1041 1797 1125 1870 colo,
1138 1795 1323 1871 alumnum,

152 1936 334 2001 Homerum
364 1958 473 2002 amare
504 1937 653 2002 docuisti.
700 1935 789 2018 Quid
812 1945 924 2002 autem
946 1939 980 2002 in
1003 1935 1237 2022 componendo
1258 1935 1323 2000 hoc

150 2076 311 2157 opusculo
334 2076 409 2141 Tibi
431 2077 585 2152 debeam,
609 2077 715 2159 quivis
738 2075 834 2140 huius
858 2078 904 2141 rei
928 2078 1050 2159 peritus
1074 2077 1175 2140 novit.

196 2213 240 2276 Et
261 2213 411 2292 Vestrae,
436 2217 495 2279 viri
518 2215 685 2287 clarissimi
709 2213 832 2289 Naber,
853 2214 1007 2291 Karsten,
1023 2216 1178 2292 Valeton,
1195 2215 1323 2280 Bellaar

152 2348 314 2436 Spmyt†‚
338 2351 407 2429 Six,
431 2352 508 2417 Van
531 2353 597 2417 den
620 2353 676 2428 Es,
700 2374 839 2435 quorum
862 2355 1057 2419 lectionibus
1079 2374 1140 2438 per
1154 2362 1206 2418 tot
1220 2374 1324 2418 annos
1399 2409 1403 2417 ,

152 2488 290 2565 interfui,
330 2493 498 2556 doctrinae
533 2501 567 2557 et
600 2481 811 2557 humanitatis
846 2513 944 2576 spero
980 2491 1049 2557 fore
1084 2501 1121 2556 ut
1156 2513 1324 2574 nunquam

153 2628 335 2694 obliviscar.

197 2767 348 2851 Denique
380 2771 526 2834 omnium
557 2772 613 2853 qui
643 2771 676 2833 in
706 2768 837 2834 edendo
867 2769 931 2834 hoc
962 2768 1073 2835 libello
1100 2768 1178 2834 mibi
1201 2769 1324 2835 auxilio

154 2905 283 2972 fuerunt
305 2909 497 2972 memoriam
521 2918 617 2992 grato
641 2909 750 2973 animo
774 2928 906 2992 semper
928 2908 1136 2973 recordabor.
