3038 4808
168 325 212 390 60
647 323 873 407 παραβόλλειν.

211 513 245 579 Ι).
292 514 419 577 quta
458 513 646 594 aliquem
683 513 752 575 vel
790 513 957 596 aliquid
991 514 1134 578 iacere
1168 515 1349 596 aliquid,

167 644 210 698 ut
241 655 289 699 ea
318 645 647 718 comparentur;
676 656 751 698 cum
776 635 905 712 dativo:
931 634 1056 700 Herod.
1081 635 1140 699 IV.
1169 637 1230 716 198
1255 633 1350 716 Ἀσίῃ

170 755 417 836 παραβληθῆναι,
442 778 518 820 cum
543 758 788 839 praepositione
812 759 927 820 iterata
951 759 1039 838 apud
1062 757 1244 832 Platonem,
1263 757 1349 821 Gor·

168 880 240 959 gias
269 891 332 959 475
364 879 393 941 E
421 876 558 958 ἔλεγχος
581 877 667 959 παρόο
690 878 743 943 σόν
767 873 901 958 ἔλεγχον
925 875 1217 958 παραβαλλόμενος,
1241 899 1351 962 saepe

168 1021 243 1064 cum
266 1001 511 1084 praepositione
537 997 616 1080 πρός.
663 1001 717 1063 Ex
741 1020 782 1065 eo
806 1010 929 1073 autem,
946 999 1036 1080 quod
1051 1001 1252 1082 praepositio
1268 1021 1350 1065 cum

168 1123 354 1185 accusativo
377 1123 522 1198 iteratur,
546 1131 684 1204 apparet
702 1118 787 1201 παροό
804 1142 870 1184 non
886 1121 992 1185 solum
1008 1129 1157 1203 spectare
1173 1122 1216 1184 ad
1231 1121 1349 1185 locum

168 1245 259 1306 iuxta
303 1243 456 1324 aliquem,
502 1245 561 1307 sed
606 1245 706 1307 etiarn
748 1246 928 1307 rectionem
970 1251 1079 1306 motus
1120 1243 1163 1306 ad
1197 1243 1349 1325 aliquem

168 1366 350 1447 designare.

213 1487 550 1552 Animadvertendum
581 1498 631 1552 est
661 1489 863 1571 praepositio
894 1496 1005 1551 nostra
1036 1488 1069 1549 in
1095 1487 1157 1550 hac
1182 1488 1350 1569 composi·

168 1605 269 1681 tione,
305 1615 341 1668 ut
374 1607 439 1668 iam
470 1606 610 1669 vidimus
639 1607 672 1669 in
696 1606 805 1669 verbis
831 1602 1036 1684 παρέρχεσθαι
1060 1613 1094 1667 et
1118 1601 1349 1682 repausarem,

168 1727 363 1808 primitivam
382 1728 554 1791 notionem
571 1728 677 1790 minus
694 1747 793 1809 quam
809 1727 842 1789 in
857 1725 1021 1809 plerisque
1037 1725 1230 1807 compositis
1248 1723 1347 1800 solet,

169 1858 319 1912 accurate
354 1869 493 1922 servare,
530 1850 575 1912 ita
609 1858 645 1912 ut
675 1869 741 1911 non
776 1847 881 1911 solum
915 1856 1043 1930 spectet
1076 1846 1188 1910 locum
1217 1847 1349 1910 iuxta

168 1970 311 2052 aliquem
341 1970 395 2033 vel
422 1970 554 2051 aliquid,
578 1971 638 2033 sed
662 1971 759 2033 etiam
785 1969 894 2032 locum
926 1977 1023 2031 ante
1047 1967 1189 2050 aliquem
1211 1968 1267 2031 vel
1290 1968 1348 2031 ali-

168 2093 257 2174 quid.
305 2093 403 2156 Unde
427 2093 572 2173 sequitur
597 2089 815 2170 παραβόλλειν
838 2111 936 2172 saepe
960 2091 1003 2154 de
1019 2089 1094 2153 cibo
1110 2089 1269 2164 adhiberi,
1289 2091 1347 2172 qui

168 2213 365 2276 animalibus
388 2215 547 2288 obiicitur,
571 2214 693 2295 passim
717 2214 804 2295 apud
826 2213 1010 2275 Homerum
1027 2233 1056 2275 e.
1070 2234 1102 2295 g.
1118 2212 1200 2276 Iliad
1217 2213 1260 2275 V.
1279 2212 1349 2293 369

174 2333 261 2413 παρόν
286 2332 313 2396 δ’
338 2332 505 2413 ἀμβρόσιον
528 2330 627 2410 βοόλεν
650 2328 734 2414 εἶδαρ
758 2329 893 2417 (ἵπποις).

211 2456 415 2518 Intransitive
448 2453 666 2534 παραβάλλειν
696 2456 858 2538 significat
887 2457 1042 2531 accedere,
1074 2456 1269 2538 praesertim
1300 2455 1347 2518 de

170 2577 323 2639 navibus:
347 2575 510 2657 παρέβαλε
533 2576 615 2651 ννρνσὶ
638 2585 708 2658 uriae
731 2575 842 2657 όιρισπα
861 2575 1026 2657 πλεοόσρσι
1042 2577 1166 2640 Herod.
1184 2575 1259 2639 VII.
1282 2591 1348 2657 179

168 2699 224 2762 ubi
247 2700 323 2762 vide
347 2699 591 2762 adnotationem
608 2699 732 2774 Steinii‚
749 2720 891 2763 necnon
907 2700 1061 2771 accidere,
1075 2707 1112 2761 ut
1127 2697 1348 2776 παραπόπσειν

169 2843 198 2883 e.
212 2843 244 2904 g.
269 2821 394 2891 Platon,
419 2821 577 2902 Respubl.
601 2820 660 2890 Vl.
684 2822 782 2901 499b
798 2826 868 2892 Ιτοῖς
890 2818 1071 2900 φιλοσόφοις
1093 2817 1215 2896 ἀνάγκη
1237 2842 1286 2890 τις
1310 2819 1347 2881 ἐιι

169 2941 272 3022 τύχης
310 2941 494 3022 παραβόλιρ,
533 2943 589 3005 ubi
629 2942 794 3005 Bekkerus
829 2944 1077 3006 adnotationem
1112 2941 1196 3004 Astii
1230 2940 1344 3003 affert:

170 3062 388 3143 παραβάλλειν
421 3086 519 3127 sensu
553 3075 665 3127 neutro
699 3075 765 3128 est:
794 3085 981 3128 concurrere
1012 3065 1068 3128 vel
1087 3085 1250 3127 occurrere
1273 3063 1347 3126 sive

169 3187 324 3250 accedere.
370 3187 479 3269 Igr'tur
499 3186 567 3250 ul.
594 3197 659 3250 est:
680 3187 871 3270 contingere,
906 3187 1057 3249 accidere.

213 3306 364 3371 Tandem
377 3307 594 3389 separativam
606 3308 671 3370 vim
684 3306 933 3390 praepositionis
945 3307 977 3368 in
990 3306 1054 3369 hoc
1065 3305 1170 3369 verbo
1181 3305 1346 3370 habemus

169 3432 256 3511 apud
276 3428 531 3511 Aristophanem
547 3427 656 3509 Equit.
678 3443 737 3509 173
755 3424 974 3506 παραβόλλειν
990 3426 1043 3491 σόν
1058 3424 1219 3508 όΦόαλμον
1236 3427 1277 3498 εἷς
1291 3478 1297 3490 .
1313 3477 1320 3492 .
1336 3479 1342 3491 ,

168 3573 191 3614 a
213 3551 315 3613 latere
336 3549 440 3612 oculos
470 3549 634 3631 deflectere
656 3550 710 3612 ον’.
725 3600 732 3612 .
748 3597 777 3612 ..

214 3671 384 3734 lutricatus
414 3670 506 3734 locus
529 3679 581 3733 est
603 3671 764 3734 Androm.
789 3674 853 3750 284
877 3692 947 3753 sqq.
972 3669 1026 3735 rol
1051 3668 1078 3732 δ’
1103 3668 1170 3735 ἐπεὶ
1194 3668 1345 3749 ὑλόκοριον

169 3791 265 3863 νοόπος
288 3790 544 3880 ἦλοόον,Ηούρειο”ιν
569 3789 828 3882 πιδοόιιιονόΙνόψαν
852 3795 881 3857 τ’
899 3793 1057 3869 αἰολῖαι-α
1074 3791 1210 3870 σώματα
1228 3793 1343 3882 ρὀαῖςβ,

169 3911 248 3991 ἔβαν
264 3913 296 3977 δὲ
312 3913 496 3992 Πριαμβαν,
511 3915 583 3994 ὑπερ
595 3911 606 4002 ll
618 3913 729 3990 βολαῖς
745 3913 844 3991 λόγιον
861 3912 1014 3994 δυσφόρων
1025 3912 1036 4002 ll
1048 3912 1345 3994 παραβαλλόμεναι,

169 4033 284 4115 Κόπρις
316 4028 378 4096 εἷλε
401 4071 444 4083 —-
461 4057 545 4116 quae
552 4047 730 4118 postquam
747 4038 967 4100 veneruntad
978 4037 1084 4100 saltus
1099 4037 1345 4117 arboreos‚fon·

168 4159 315 4240 tiumque
347 4167 572 4219 montanorum
608 4159 643 4221 in
673 4159 770 4239 aquis
798 4169 931 4240 corpora
961 4159 1135 4222 abluerunt
1164 4156 1281 4232 nilida,
1313 4169 1347 4222 et

167 4281 218 4345 ad
246 4276 438 4342 Prramr'den
466 4288 662 4360 progressae
695 4290 772 4342 sunt
800 4301 983 4342 sermonum
1014 4278 1180 4343 hostilium
1212 4301 1344 4344 excessu
