3038 4808
173 299 193 359 8
650 295 868 378 παρίστασθαι.

167 484 352 567 spicientem
385 507 436 549 me
466 495 498 549 et
527 494 710 566 captantem
732 484 824 565 ferit
853 483 991 548 adstans
1022 506 1097 549 ense
1127 486 1229 549 imum
1261 487 1352 550 lates

167 606 225 671 vir
245 607 405 671 robustus.

215 747 245 798 2.
292 727 398 790 Cum
432 728 602 791 dativo.
627 763 670 774 -
698 727 835 790 Pristina
867 727 1060 809 significatio
1095 731 1351 811 praepositionis

168 851 263 913 adest
286 850 356 931 Iph.
381 850 480 912 Taur.
510 866 592 928 1313
617 869 689 930 sqq.
714 848 730 921 ἡ
755 839 882 922 ararat
902 846 1149 937 ἀθαίδείίβαμσῖς
1165 851 1348 931 παρίστατ’,

171 969 335 1052 Ἰφιγένει’,
361 967 418 1044 ἔξω
443 967 572 1057 patrabat)
583 969 637 1032 σὺν
653 975 716 1040 τοῖς
733 966 854 1044 ξένοισιν
871 967 995 1049 σίχετασ
1015 1008 1052 1018 -
1065 973 1182 1054 puella
1197 995 1283 1056 qnae
1294 975 1353 1038 ln's

167 1094 240 1157 aris
270 1092 435 1166 adstabat,
467 1091 650 1174 spargenda,
679 1086 775 1154 entra
803 1091 888 1154 nanc
919 1102 1040 1155 terram
1070 1114 1142 1156 cnm
1159 1096 1352 1177 peregrinis
1398 1108 1402 1116 ’

169 1215 262 1278 abiit.
294 1211 495 1276 Wecklinius
511 1212 665 1275 adscribit
691 1218 862 1292 „sortasse
884 1210 1066 1292 ἑφίστατ’,”
1084 1216 1174 1295 quod
1190 1217 1223 1278 in
1239 1217 1351 1299 priore

169 1335 313 1398 editione
337 1343 508 1415 receperat
532 1335 564 1395 in
586 1342 724 1396 textum.
771 1333 918 1396 Verbum
936 1333 1144 1413 παρίστασθαι
1160 1339 1347 1417 praeditum

57 1455 59 1459 ’
168 1458 303 1518 notione
334 1475 423 1518 mere
453 1455 549 1517 locali
581 1475 657 1516 cum
686 1456 799 1518 dativo
823 1476 986 1538 personae
1009 1477 1110 1538 saepe
1134 1458 1279 1539 iungitur
1303 1461 1350 1522 ab

170 1578 335 1659 Euripide,
361 1587 397 1639 ut
416 1576 502 1639 infra
525 1575 718 1648 videbimus,
744 1596 817 1638 cum
841 1576 954 1638 dativo
974 1578 1022 1638 rei
1036 1575 1100 1638 hoc
1115 1576 1190 1641 loco
1205 1587 1346 1644 tantum.

168 1700 271 1783 Apud
296 1697 494 1780 Sophoclem
518 1698 613 1761 huius
637 1698 738 1761 dativi
759 1699 924 1779 optimum
948 1698 1140 1780 exemplum
1164 1699 1348 1764 habemus:

173 1822 355 1903 (Antigone
385 1834 464 1899 1215
492 1821 552 1902 sq.)
576 1815 614 1882 ἴτ’
635 1811 728 1882 ἆσσον
744 1820 827 1888 ὠκεῖς
842 1817 894 1881 καὶ
912 1816 1117 1898 παριστσίατες
1132 1816 1348 1908 τσίΦρίίσὶίρή-

171 1965 258 2005 σατε.
288 1941 395 2005 Causa
411 1942 509 2024 igitur
525 1961 592 2003 non
608 1950 658 2003 est
674 1961 731 2001 cur
746 1941 935 2003 dubitemus
951 1943 1030 2021 quin
1042 1939 1217 2020 nepissana
1230 1940 1351 2019 βῶμσις

169 2063 342 2146 significari
367 2063 471 2145 possit
493 2061 671 2136 „adstabat
684 2061 788 2124 aris.”
829 2060 1032 2124 Wecklinius
1048 2071 1159 2125 autern
1175 2065 1348 2127 notionem

171 2184 361 2265 „praeessen
386 2181 504 2244 inferre
528 2181 606 2253 vult,
631 2181 664 2242 id
688 2182 778 2263 quod
802 2191 940 2263 apparet
963 2202 1006 2245 ex
1026 2184 1238 2248 adnotatione
1254 2187 1348 2249 editi-

171 2309 243 2369 onis
270 2306 403 2387 prioris:
429 2302 605 2384 ,,ε’φίστατσ
628 2305 693 2366 wie
715 2302 826 2381 βώμιοι
850 2302 1017 2368 ἕπισταίται
1045 2305 1160 2384 1284.''
1209 2305 1349 2389 Optime

170 2428 309 2510 quadrat
331 2426 413 2488 haec
429 2427 538 2500 notio;
555 2434 665 2488 tamen
681 2424 774 2489 facile
791 2447 902 2488 carere
919 2447 959 2490 ea
974 2448 1160 2509 possumus.
1202 2428 1350 2493 Accedit

170 2550 259 2632 quod
285 2549 352 2611 fere
375 2569 508 2630 semper
524 2548 707 2609 invenimus
723 2547 902 2630 perfectum
919 2549 982 2611 hoc
998 2569 1106 2611 sensu.
1146 2548 1187 2612 cf.
1204 2549 1348 2613 Weckli-

170 2673 241 2732 nius
273 2671 314 2733 ad
340 2670 410 2752 Iph.
435 2671 534 2731 Taur.
560 2683 633 2748 725.
683 2670 803 2731 Nostro
827 2668 901 2732 loco
924 2679 1024 2752 poeta
1048 2668 1127 2731 nihil
1150 2669 1237 2732 aliud
1261 2671 1350 2735 dixit

170 2794 229 2856 nisi
254 2794 385 2874 ,puella
409 2814 493 2875 qnae
516 2792 609 2855 mado
632 2791 685 2853 ln'c
706 2791 855 2854 aderat.''

214 2916 343 2978 Eadem
368 2916 458 2977 notio
483 2934 571 2976 mere
596 2913 708 2977 localis
732 2913 827 2975 adest
851 2912 983 2975 Rhesus
1007 2920 1066 2994 781
1088 2934 1136 2995 sq.
1155 2910 1268 2984 ἵππους
1284 2913 1349 2994 γαρ

169 3032 207 3108 σ’ίς
238 3034 348 3115 ἔθρεψα
371 3032 643 3122 καδίφραλσίτσυνίί
657 3034 750 3113 Ῥήσῳ
776 3032 943 3114 παρεστώς,
967 3025 1046 3096 εἶδον
1070 3070 1113 3080 -
1136 3056 1235 3117 equos
1257 3036 1348 3099 enim

169 3181 249 3240 qnos
271 3159 346 3221 alni
366 3167 398 3219 et
418 3157 533 3220 cnrrni
552 3157 675 3219 innatos
697 3157 847 3238 regebant
872 3155 981 3218 Rneso
1005 3155 1143 3219 adstans
1165 3156 1246 3219 vadi.

214 3280 334 3342 Medea
365 3277 431 3342 886
461 3299 534 3360 sqq.
559 3277 691 3360 legitur:
717 3273 736 3357 ᾖ
759 3283 837 3358 χρῆν
861 3282 998 3353 μετεῖναι
1020 3275 1114 3339 τῶνδε
1137 3281 1196 3340 τῶν
1221 3274 1347 3353 donaru-

168 3397 360 3488 ματωνίίκαὶ
385 3397 597 3478 {varroniana
623 3397 675 3462 nni
700 3395 890 3478 παρεστσίαασ
915 3395 1158 3485 λέχειίίνύμφτρα
1182 3421 1218 3462 τε
1241 3395 1347 3472 unieri-

168 3546 258 3587 ouann
294 3519 414 3595 ἥδεσθαι
448 3520 529 3585 attan
560 3558 604 3568 -
635 3543 734 3604 qnam
771 3521 936 3600 oportebat
967 3520 1088 3582 sociata
1123 3540 1192 3583 esse
1226 3519 1345 3583 horum

167 3645 371 3708 consiliorum
391 3653 423 3705 et
436 3644 597 3706 adiuvare
611 3665 651 3706 ea
666 3653 699 3706 et
712 3644 845 3705 adstare
861 3648 934 3704 lecto
950 3652 983 3704 et
995 3653 1132 3723 sponsae
1148 3653 1224 3704 tuae
1239 3643 1345 3725 officia

162 3775 339 3849 praestare
368 3766 499 3828 laetata.
547 3765 687 3826 Versum
714 3765 777 3839 887
803 3762 969 3825 Nauckius
992 3763 1090 3825 delet.
1138 3763 1348 3846 Hartungius

169 3888 310 3951 coniecit
327 3883 514 3965 naptardnnt
530 3884 612 3965 λέχη
626 3921 667 3932 -
681 3896 828 3960 „strnere
843 3883 989 3956 lectnm,''
1007 3904 1105 3965 quam
1122 3885 1345 3948 coniecturam

168 4008 371 4071 Wecklinius
383 4009 416 4069 in
432 4016 560 4070 textum
573 4009 706 4089 recepit.
732 4005 799 4069 Sed
812 4026 920 4086 neque
933 4007 1021 4087 apud
1033 4006 1224 4088 Euripidem
1237 4006 1345 4068 activa

170 4129 274 4193 forma
305 4152 443 4212 usquam
474 4131 643 4200 invenitur.
676 4149 783 4210 neque
815 4129 869 4191 alii
901 4129 1075 4210 scriptores
1103 4129 1210 4191 activa
1239 4127 1347 4192 forma

170 4254 320 4335 praedita
336 4253 472 4315 notione
489 4252 634 4314 struendi
651 4271 717 4313 non
732 4259 809 4312 sunt
825 4237 883 4312 usi.
931 4249 1075 4326 „Sistere
1090 4251 1231 4332 aliquem
1247 4250 1345 4313 innta
