3038 4808
211 324 257 386 44
717 309 880 385 παραιρεῖν.

211 493 267 557 Ad
296 492 383 556 hunc
414 492 524 555 locum
555 491 693 555 adnotat
718 489 973 555 Valckenarius:
998 497 1148 573 παραινεῖ,
1172 493 1262 576 quod
1281 504 1332 557 est
1352 494 1389 558 in

215 607 315 674 codd.
339 610 481 673 Florent.
506 619 539 673 et
559 609 681 682 Paris,
704 609 860 672 vitiosum
882 610 1023 692 quedem,
1047 611 1131 674 orr'ri
1150 620 1260 675 tamen
1275 611 1392 694 potuit

211 752 254 795 err
275 731 345 795 alia
367 731 496 795 lectione
519 728 705 811 παραίννται
720 740 819 815 atque
833 729 883 795 ad
893 731 986 796 illam
1004 753 1119 798 versun
1134 733 1170 796 in
1186 732 1387 815 anastrophe

211 852 289 917 olim
326 853 581 918 accommodari:
617 852 761 917 activum
797 863 880 917 certe
913 859 1056 935 παραιρεῖ
1085 875 1164 917 raro
1196 856 1387 936 reperietur.

211 975 320 1038 Minus
344 983 442 1049 recte,
458 983 495 1037 ut
510 975 669 1039 videmus.
716 972 843 1056 Quater
858 976 948 1038 enim
964 976 1106 1040 activum
1123 981 1278 1056 παραιρεῖν
1294 975 1388 1058 apud

212 1105 360 1160 nostrum
382 1096 553 1158 invenitur.
602 1095 691 1158 Nihil
716 1095 912 1159 mutandum
934 1098 1032 1179 igitur
1054 1104 1146 1179 puto.

256 1217 350 1279 Dixit
372 1216 470 1279 etiam
493 1225 594 1299 poeta
617 1216 825 1296 παραιρεῖσθαι
848 1215 882 1280 τί
902 1238 997 1288 τινοιι
1021 1217 1125 1301 Iphig.
1149 1217 1249 1281 Taur.
1276 1235 1320 1295 24
1336 1237 1386 1300 sq.

211 1334 264 1400 nni
277 1338 313 1414 μ’
325 1335 495 1409 Ὀδυσσέως
505 1335 619 1418 τέχναι
629 1335 640 1425 Η
651 1337 764 1418 μητρὸς
777 1337 950 1419 παρείλοντ’
963 1337 1016 1403 ἐπὶ
1028 1337 1144 1419 γάμοις
1155 1338 1334 1421 Ἀχιλλέας
1345 1377 1390 1390 -

211 1469 245 1524 et
276 1482 328 1522 me
366 1459 476 1524 Ulixis
505 1470 594 1523 artes
623 1481 645 1522 a
675 1470 783 1523 matre
812 1460 1020 1525 abduxerunt
1049 1462 1150 1543 quasi
1178 1462 1228 1526 ad
1253 1462 1391 1545 nuptias

212 1580 360 1645 Achillis.
407 1581 461 1646 Sic
484 1582 572 1664 apud
596 1581 855 1665 Xenophontem
878 1582 1025 1665 aliosque
1049 1581 1232 1647 adhibetur,

258 1701 421 1768 Omnibus
452 1702 541 1766 hisce
572 1703 652 1767 locis
682 1703 788 1787 magis
817 1705 989 1787 respicitur
1020 1705 1112 1769 locus
1141 1725 1162 1769 a
1191 1727 1258 1788 quo
1289 1726 1393 1788 quam

213 1822 304 1888 locus
327 1824 370 1888 ad
393 1845 501 1907 quem.
548 1824 677 1888 Eadem
702 1826 745 1888 de
768 1824 888 1914 haere
913 1825 1107 1889 Rehdantzii
1131 1826 1242 1909 opinio
1266 1835 1319 1890 est
1333 1825 1391 1909 qui

214 1947 248 2008 in
278 1946 421 2010 editione
452 1967 511 2009 sua
543 1945 777 2010 Demosthenis
809 1948 903 2011 dicit:
939 1947 1111 2012 We'thrend
1129 1948 1164 2012 in
1187 1945 1391 2028 παραδιδόναι

214 2078 270 2131 etc.
301 2069 362 2130 der
386 2067 546 2130 terminus
570 2067 619 2131 ad
638 2089 733 2150 quem
756 2068 943 2151 riberwiegt,
958 2069 1057 2153 finde
1078 2068 1130 2132 iclr
1146 2070 1205 2133 den
1227 2068 1392 2134 terminus

214 2210 237 2253 α
266 2209 329 2271 qno
358 2189 393 2250 in
425 2184 698 2266 reprehenditur,
730 2188 931 2269 reponentes
954 2199 1017 2252 etc.
1039 2187 1390 2272 (Grammat.·lexikal:

215 2309 320 2373 index
343 2310 363 2372 i.
386 2329 418 2375 v.
443 2306 550 2393 παρα).

259 2430 411 2495 Tandem
447 2436 602 2511 παραιρεῖν
632 2433 771 2515 legimus
802 2432 933 2496 Heracl.
965 2434 1030 2513 908
1061 2454 1131 2516 sqq.
1163 2431 1302 2509 ε’πῖσνμα
1327 2430 1391 2513 γαρ

215 2549 355 2641 τοιΗθεὸς
384 2551 603 2633 παραγγέλλει
613 2549 625 2640 ΙΙ
635 2557 692 2617 τῶν
723 2552 834 2618 οῖδίκοιν
866 2558 1017 2635 παραιρεῖν
1044 2553 1240 2634 Φρονιὶματος
1263 2553 1325 2618 αἰεί
1345 2591 1393 2603 -

214 2674 342 2738 illustre
357 2677 501 2757 profecto
524 2676 604 2738 deus
619 2675 790 2740 hortamen
805 2677 866 2740 dat
879 2675 947 2750 leoc,
964 2676 1182 2758 improborum
1197 2676 1390 2757 superbiam

209 2807 364 2878 perpetuo
390 2797 548 2859 minuens.
596 2797 798 2860 Wecklinius
824 2796 985 2861 hocloco
1009 2798 1120 2880 legere
1143 2798 1214 2861 vult
1237 2801 1393 2879 παραιρῶν

216 2917 391 2998 φρονήματ’
416 2916 446 2988 ἐς
469 2915 581 2980 αἱεί-
593 2919 694 2981 semel
714 2929 746 2982 et
759 2929 900 3001 prorsus
923 2922 1077 3001 auferens
1097 2921 1256 3001 superbas
1271 2922 1392 3004 cogita·

214 3041 316 3104 tiones
338 3040 566 3121 improborum.
613 3041 693 3102 Mihi
714 3041 846 3122 quidem
860 3039 943 3104 haec
959 3042 1096 3104 mutatio
1113 3042 1246 3104 minime
1261 3040 1390 3124 placet3

214 3163 409 3225 iniustorum
439 3162 526 3224 enim
556 3162 743 3244 superbiam
767 3182 809 3224 ne
833 3162 914 3225 deus
937 3163 1070 3244 quidem
1093 3182 1159 3225 uno
1182 3163 1248 3226 ictu
1271 3162 1392 3227 tollere

214 3283 316 3358 valet;
343 3303 471 3364 semper
494 3283 613 3346 redibit
635 3283 717 3346 haec
740 3284 902 3364 superbia,
927 3303 1028 3364 quare
1052 3285 1177 3366 optime
1198 3284 1262 3346 dici
1277 3292 1392 3367 potest

216 3404 367 3479 παραιρῖιν
390 3398 586 3479 Φρονήματος
601 3399 663 3463 αἰεί
678 3438 716 3446 -
733 3411 861 3482 semper
875 3401 1009 3484 aliquid
1019 3402 1060 3465 de
1075 3401 1228 3482 superbia
1243 3402 1387 3465 demens.

215 3521 297 3584 Item
327 3523 472 3602 genitivo
504 3543 580 3585 usus
611 3532 662 3585 est
691 3522 905 3604 Thucydides
935 3522 992 3593 ΙΙΙ,
1025 3524 1069 3602 89
1092 3526 1145 3587 τοῦ
1168 3522 1303 3604 Φρονρίον
1327 3528 1392 3588 τῶν

217 3640 376 3715 Ἀθηναίων
400 3648 525 3723 παρεῖλε
543 3680 582 3689 -
602 3643 644 3706 ab
662 3642 911 3706 Atheniensium
927 3645 1057 3707 castello
1065 3655 1199 3727 partem
1211 3644 1390 3709 abstraxit.

215 3763 397 3844 Euripides,
421 3773 457 3826 ut
479 3785 577 3846 supra
600 3765 750 3840 vidimus,
774 3766 807 3826 in
830 3764 893 3828 hoc
909 3767 1096 3847 composito
1112 3786 1240 3848 semper
1256 3766 1392 3848 respicit

215 3884 321 3947 iocum
340 3906 359 3947 a
375 3905 458 3967 qu0;
476 3907 555 3967 ergo
571 3887 751 3968 genitivum
768 3886 831 3949 hoc
848 3888 922 3950 loco
938 3888 1145 3950 retinendum
1161 3895 1195 3950 et
1210 3888 1390 3952 lectionem

215 4006 367 4069 codicum
392 4009 650 4070 conservandam
676 4027 748 4070 esse
772 4028 847 4070 cum
872 4007 1046 4071 Dindorfio
1070 4018 1161 4091 puto,

259 4126 361 4208 Apud
393 4127 473 4190 alios
497 4138 646 4192 auctores
672 4134 826 4210 παραιρεῖν
851 4130 969 4193 eodem
994 4130 1093 4193 modo
1118 4130 1309 4209 adhibetur3
1328 4131 1391 4195 fre·

215 4251 365 4332 quentius
389 4259 501 4313 tamen
525 4251 633 4314 media
657 4273 755 4334 quam
778 4253 885 4316 activa
908 4251 1012 4315 iorma
1036 4253 1184 4316 occurrit.
