3038 4808
766 281 825 346 Vl.

247 467 360 536 Schol.
383 471 427 535 ad
450 469 554 553 Soph.
577 468 671 533 Aiac.
694 470 735 550 63
741 483 757 550 ς
783 469 815 533 οὐ
837 465 922 545 λέγει
938 465 971 532 δὲ
987 463 1032 532 ὅτι
1048 463 1378 542 ὅταναύτόνπύθηταιι

202 589 459 666 τετελευτηκότα.
504 591 718 674 Legendum:
741 590 773 654 οὐ
794 587 879 666 λέγει
895 587 928 653 δὲ
951 585 1010 653 ἔτι
1033 595 1160 653 νοσεῖν
1183 584 1258 653 ὅταν
1275 601 1381 660 emt,

751 783 823 847 VH.

248 941 363 1005 Horat.
386 940 456 1006 Sat.
479 941 505 1004 1.
529 941 560 1004 6.
588 958 626 1004 12
650 961 721 1024 sqq.

315 1064 438 1128 Contra
460 1063 654 1138 Laevinum,
678 1061 789 1126 Valeri
813 1081 928 1146 genus,
951 1061 1040 1125 unde
1062 1060 1233 1144 Superbus

314 1185 508 1268 Tarquinius
531 1205 633 1268 regno
655 1184 767 1268 pulsus
790 1184 883 1267 fugit,
907 1184 1001 1247 unius
1024 1183 1105 1246 assis

314 1329 382 1372 non
406 1328 549 1390 unquam
571 1309 677 1389 pretio
699 1306 799 1389 pluris
821 1305 961 1381 licuisse,
986 1315 1122 1370 notante

315 1430 422 1493 iudice
444 1450 511 1510 quo
534 1429 619 1492 nosti
642 1429 776 1511 populo,
799 1429 856 1512 qui
878 1428 996 1492 stultus
1019 1427 1162 1491 honores

315 1572 415 1634 saepe
438 1553 497 1615 dat
518 1550 660 1634 indignis
683 1561 717 1614 et
738 1549 846 1613 famae
868 1550 970 1614 servit
990 1550 1121 1632 ineptus

315 1674 372 1756 qui
394 1682 503 1755 stupet
525 1674 558 1736 in
581 1672 681 1736 titulis
705 1680 739 1735 et
760 1672 968 1755 imaginibus.
991 1671 1071 1753 quid
1093 1679 1226 1755 oportet

314 1817 375 1860 nos
397 1796 505 1859 facere
527 1816 547 1858 a
570 1795 669 1879 volgo
691 1795 790 1878 longe
813 1795 980 1878 longeque
1002 1792 1170 1857 remotos?

249 1918 352 1982 Recte
364 1917 522 1981 Dziatzko
534 1917 662 2000 (Rhein.
672 1917 754 1980 Mus.
769 1916 875 1980 XXV.
883 1937 915 1999 p.
927 1929 986 1997 315
1001 1916 1085 1999 sqq.)
1097 1917 1143 1978 sic
1156 1914 1379 1998 interpungit:

205 2061 254 2107 vs.
281 2057 322 2117 14
351 2060 418 2102 non
449 2059 592 2120 unquam
621 2039 727 2121 pretio
757 2037 857 2120 pluris
883 2036 1020 2100 licuisse.
1045 2045 1180 2101 notante
1203 2056 1232 2100 e.
1249 2054 1283 2118 q.
1300 2057 1326 2101 s.
1345 2045 1382 2100 et

206 2182 253 2224 vs,
282 2177 319 2243 17
343 2162 398 2243 qui
421 2168 530 2242 stupet
553 2161 586 2222 in
608 2158 709 2222 titulis
729 2167 764 2222 et
777 2159 985 2242 imaginibus,
1002 2159 1081 2240 quid
1096 2166 1226 2241 oportet
1249 2177 1279 2221 e.
1296 2178 1329 2241 q.
1351 2178 1379 2221 s,

745 2353 835 2418 VIII.

249 2508 424 2591 Perperam
454 2508 619 2590 Kiessling
649 2509 692 2571 ad
715 2509 796 2572 Hor.
821 2507 888 2573 Sat.
913 2507 938 2570 1.
962 2509 993 2571 6.
1023 2525 1062 2586 14
1084 2508 1237 2572 adnotat:
1261 2509 1373 2589 pretio

207 2631 251 2694 ist
276 2629 412 2693 Ablativ
442 2629 499 2694 des
528 2629 659 2693 Marses
687 2630 765 2693 oder
790 2629 846 2693 des
868 2629 1026 2713 Betrages
1049 2650 1105 2693 um
1127 2628 1269 2693 welchen
1291 2629 1376 2694 Lae·

209 2752 306 2815 vinus
326 2751 423 2814 Pret's
444 2750 534 2814 nicht
548 2752 726 2834 gestezgert
746 2752 879 2816 worden
902 2751 954 2815 ist.

762 2947 819 3009 IX.

253 3095 361 3158 Schol.
393 3097 436 3159 ad
466 3095 598 3159 Terent.
622 3096 756 3162 Phorm.
778 3096 809 3163 6.
857 3096 902 3162 Et
924 3095 1041 3159 callide
1071 3096 1208 3159 errori
1239 3115 1381 3178 repre·

208 3217 438 3282 hendentis
472 3218 530 3281 sed
559 3218 658 3282 etiarn
688 3219 838 3302 imperite
868 3219 1009 3282 scribere
1039 3218 1184 3282 ostendit
1213 3218 1373 3281 Luscium

208 3340 424 3403 Lanuvinum.

253 3463 359 3544 Lege:
392 3470 425 3524 et
447 3460 563 3524 callide
586 3482 653 3524 non
675 3461 775 3525 modo
806 3481 947 3526 errare
977 3460 1381 3544 reprehendentem

209 3604 238 3646 e.
263 3605 294 3666 q.
319 3605 343 3647 s.

776 3730 818 3794 X.

254 3879 363 3943 Schol.
380 3883 423 3945 ad
438 3883 570 3946 Terent.
587 3883 736 3947 Eunuch.
749 3884 814 3962 426
825 3883 890 3947 Vel
902 3883 992 3966 quod
1004 3883 1092 3947 illum
1116 3885 1175 3948 sic
1198 3883 1239 3947 fu
1248 3884 1290 3968 gi
1302 3893 1379 3948 ant

208 4022 322 4066 omnes
345 4005 594 4079 constituat,
619 4014 655 4068 ut
676 4005 762 4068 hunc
785 4004 888 4068 libido
912 4005 1123 4069 effeminata.

254 4125 362 4208 Lege:
397 4122 450 4187 vel
483 4126 572 4206 quod
606 4127 697 4190 illum
733 4128 913 4192 sectari
952 4126 1214 4211 fugientem
1256 4148 1376 4193 omnes

210 4254 413 4310 constat.
