3038 4808
691 293 837 366 πυρεῖυυυ.
1341 308 1357 370 3

178 469 320 551 πάρεστι,
353 471 494 552 γηρυυούς
524 474 619 537 lurein
640 511 682 521 —
704 475 904 537 redimerent
931 475 1050 556 quibus
1076 488 1150 558 opes
1172 489 1354 560 suppetunt,

178 605 215 658 nt
236 615 329 657 senes
352 606 562 658 morerentur.

222 714 421 798 Saepissime
452 716 607 780 translate
639 719 679 780 de
711 720 821 780 animo
852 711 984 780 dicitnr:
1018 717 1153 782 Orestes
1181 723 1265 784 1180
1288 719 1355 785 ἐπεὶ

177 837 214 901 τὸ
246 835 366 901 συνετόν
397 844 429 913 r'
459 829 533 900 οἶδα
568 845 605 918 σῇ
637 843 729 919 ψυχῇ
753 837 849 918 nupo‘u
875 877 911 885 —
935 841 1148 921 prudentiam
1170 844 1257 906 enim
1280 855 1356 907 tuae

177 962 279 1023 menti
300 962 404 1022 inesse
424 961 497 1023 scm.
547 960 694 1023 Bacchae
715 962 796 1023 1268
814 961 849 1024 τὸ
867 959 901 1023 δὲ
917 959 1043 1035 πτοηθὲν
1059 960 1126 1024 τόδ’
1143 959 1188 1025 ἔτι
1205 972 1243 1044 σῇ
1261 969 1355 1045 ψυχῇ

179 1078 282 1161 ripum
296 1119 338 1128 —
345 1082 591 1163 perturbatione
602 1082 668 1145 ista
680 1082 787 1145 adhuc
798 1094 851 1146 tuo
864 1084 975 1146 anime
988 1085 1104 1147 adest?
1126 1085 1241 1149 Paullo
1257 1107 1355 1168 supra

178 1225 224 1267 vo.
250 1206 314 1284 708
339 1225 411 1286 sqq.
436 1199 518 1274 deun
541 1202 574 1266 δὲ
599 1207 704 1266 λευκοῦ
728 1202 881 1280 πώματος
901 1202 989 1277 πόθος
1014 1213 1113 1285 ruem
1127 1203 1265 1294 lldupouu
1282 1208 1354 1272 δυκ-

176 1323 293 1389 τύλυισι
317 1324 471 1402 διαμῶσαι
488 1324 585 1405 pelium
599 1321 610 1413 ll
625 1323 786 1401 γάλυκτυς
803 1325 915 1402 ἑσμοὺς
930 1324 1014 1406 alpem
1029 1364 1073 1374 -
1090 1330 1207 1410 quibus
1221 1331 1356 1394 candidi

168 1459 271 1531 potus
305 1448 502 1512 desiderium
534 1451 660 1521 aderat,
691 1450 832 1512 summis
862 1450 977 1530 degitis
1006 1449 1189 1513 dim'dentes
1218 1461 1352 1526 terram,

176 1568 341 1633 habebant
372 1572 496 1651 copiam
530 1570 633 1633 lactis.
679 1571 756 1634 Uno
790 1571 864 1633 loco
900 1569 1074 1632 infinitivus
1109 1571 1247 1634 subiecti
1281 1574 1353 1635 vice

175 1691 337 1774 fungitur:
374 1692 492 1754 Medea
527 1692 592 1771 659
627 1713 675 1773 sq.
710 1688 881 1771 ἀχάριστος
915 1688 1013 1765 tunt,
1049 1687 1106 1771 ὅτῳ
1138 1689 1266 1774 πάρεστι
1280 1691 1291 1781 ll
1306 1696 1351 1771 uh

176 1809 286 1892 φίλους
308 1813 404 1888 rruim
418 1811 551 1892 uulupin
567 1813 619 1875 eiu-
634 1809 645 1899 ll
660 1809 787 1888 υίξυυτυ
809 1811 911 1892 utilit
939 1814 1051 1892 φρενῶν
1068 1849 1111 1860 -·
1127 1814 1228 1876 miser
1235 1826 1354 1896 pereat

174 1934 360 2018 cuicumque
372 1935 456 1998 inest
466 1937 586 1998 arrienos
597 1957 659 1998 non
671 1934 906 2015 toleraturum
919 1935 1081 2016 aperienti
1090 1935 1213 1998 clavem
1218 1938 1352 2017 pectori.

222 2056 451 2140 Compositum
484 2063 622 2135 πυρεῖυυι
649 2059 694 2119 sic
718 2065 907 2138 usurpatum
932 2077 952 2118 a
975 2054 1112 2137 simplici
1136 2048 1210 2118 sium
1232 2055 1295 2119 hac
1319 2060 1351 2120 in

176 2199 211 2242 re
243 2179 372 2241 differre
404 2188 494 2261 puto,
528 2179 616 2259 quod
647 2180 770 2241 maiore
802 2178 948 2259 emphasi
980 2158 1133 2260 designat
1160 2178 1352 2242 relationem

174 2321 261 2382 quae
286 2309 377 2364 extat
399 2301 483 2363 inter
506 2300 641 2363 verbum
664 2309 698 2362 et
713 2300 925 2363 accedentem
942 2300 1101 2362 dativum.
1150 2298 1253 2383 Apud
1269 2300 1351 2363 alios

174 2422 349 2504 scriptores
373 2422 493 2484 eodem
519 2423 618 2483 modo
642 2421 826 2484 adhibetur.

220 2543 302 2606 Cum
312 2545 555 2627 praepositione
565 2543 800 2624 repetitaapud
809 2542 999 2623 Euripidem
1010 2542 1351 2625 noninvenitur‚apud

174 2663 377 2748 Sophoclem
396 2664 531 2726 Philoct.
562 2679 644 2743 1057
660 2684 708 2744 sq.
723 2661 790 2726 irtel
803 2659 932 2741 rainneri
945 2663 1002 2740 μὲν
1017 2660 1028 2750 ll
1043 2666 1174 2742 Τεῦκρος
1186 2672 1257 2745 παρ’
1268 2665 1350 2742 ἡμῖν.

220 2804 250 2850 2.
296 2787 586 2849 Translatus
621 2807 741 2848 usus.
762 2786 918 2848 -Lenis
942 2794 992 2849 est
1014 2787 1166 2848 transitus
1189 2788 1232 2849 ad
1255 2788 1350 2868 signi-

173 2907 360 2970 ficationem
392 2918 542 2989 ‚praesto
563 2909 669 2971 snm.”
695 2907 799 2989 lphig.
824 2906 908 2968 Aul:
938 2920 1019 2986 1552
1044 2900 1065 2969 ὦ
1089 2903 1198 2986 πάτερ,
1222 2902 1351 2985 πάρειμί

173 3052 218 3092 σοι
251 3066 296 3075 -
329 3052 347 3091 o
374 3039 483 3110 pater,
518 3029 580 3092 tibi
611 3032 754 3092 adsum.
786 3029 861 3090 Non
898 3038 948 3092 est
982 3030 1111 3091 dativus
1145 3027 1273 3091 ethicus
1305 3051 1349 3091 roe

172 3153 283 3232 („ecee,
315 3151 479 3231 adsum”)‚
510 3151 569 3212 sed
596 3151 718 3232 pendet
741 3169 761 3212 a
785 3151 1037 3232 praepositione.
1084 3151 1160 3213 Non
1183 3148 1288 3212 solum
1312 3169 1347 3212 se

173 3276 290 3337 adesse
322 3274 401 3336 dicit
432 3272 612 3355 Iphigenia,
644 3273 703 3334 sed
733 3274 832 3334 etiam
863 3281 996 3354 praesto
1027 3291 1063 3335 se
1094 3292 1166 3334 esse
1196 3273 1281 3354 patri
1305 3272 1348 3334 ad

172 3405 312 3458 mortem
335 3395 552 3457 subeundam.
600 3395 637 3456 ln
652 3394 871 3456 locutionibus
888 3404 999 3456 autem
1016 3415 1091 3456 cum
1108 3395 1219 3457 dativo
1235 3393 1348 3457 ethico

172 3517 330 3579 maiorem
365 3517 431 3578 vim
464 3516 565 3580 habet
599 3516 747 3589 verbum,
779 3516 908 3578 dativus
940 3515 1006 3579 fere
1037 3515 1172 3578 nullam.
1220 3513 1347 3579 Eadem

171 3639 264 3700 notio
296 3638 398 3700 verbo
430 3643 568 3716 nuperum
598 3638 684 3700 inest
715 3638 878 3700 Androm.
910 3655 953 3717 49
984 3657 1033 3718 sq.
1066 3634 1163 3716 ὁγὰρ
1187 3634 1348 3717 φυτεύσαις

170 3759 265 3823 αὐτὸν
288 3757 350 3822 οὔτ’
376 3758 443 3836 ἐμοὶ
468 3756 553 3839 ripn
567 3756 578 3847 ll
595 3762 832 3839 προσωφελῆσαι
856 3756 947 3821 παιδί
967 3759 995 3821 r'
1014 3755 1097 3821 οὐδέν
1113 3758 1193 3822 ἐστιν
1209 3795 1253 3806 —-
1268 3781 1346 3824 nam

164 3884 299 3965 genitor
320 3882 390 3944 eins
413 3903 469 3945 uec
491 3881 578 3944 milei
597 3883 691 3944 adest
712 3881 761 3943 ad
778 3881 1003 3962 opitulandum
1019 3891 1051 3944 et
1062 3893 1166 3962 puero
1182 3881 1270 3944 ninii
1282 3893 1340 3945 est.

216 4141 244 4190 o.
292 4125 453 4189 Venimus
477 4126 519 4187 ad
543 4145 674 4187 sensum
706 4146 726 4186 o
740 4147 761 4206 p
775 4125 784 4187 i
797 4135 842 4188 tu
856 4124 898 4187 la
911 4146 932 4186 n
945 4127 967 4188 d
980 4126 1006 4187 i:
1032 4122 1166 4187 Orestes
1185 4126 1244 4204 583
1263 4144 1311 4206 sq.
1329 4123 1346 4198 ἢ

170 4248 264 4328 μητρὶ
276 4247 332 4324 μὲν
350 4245 468 4328 ripum
481 4244 649 4326 σύμμαχοι
663 4245 727 4309 leui
734 4243 745 4335 ll
756 4247 798 4327 τῷ
812 4246 873 4310 δὀὐ
885 4244 1014 4327 πάρεισι,
1026 4247 1148 4323 μᾶλλον
1161 4243 1344 4326 uoluentem
