3038 4808
214 305 1235 391 παραφέρειν-παραπαλλειν-παριππεύειν-παρακαίιέναι.
1283 329 1321 394 31

147 518 249 580 quam
280 497 492 580 praeterimus
520 505 554 560 et
576 497 797 578 relinquimus.
845 495 881 561 Si
905 498 984 579 quid
1007 506 1128 572 tamen,
1152 507 1188 562 ut
1212 508 1324 563 nostro

145 615 222 680 loco
253 618 444 701 Euripideo,
475 618 566 680 iuxta
596 616 720 699 aliquid
751 617 862 694 fertur,
895 619 938 681 ad
968 617 1053 682 latus
1084 619 1168 683 illius
1200 621 1247 683 rei
1271 619 1324 684 vel

148 758 308 822 personae
332 747 453 804 manet.

192 859 244 924 De
277 861 380 923 verbo
412 858 598 940 παραφέρειν
625 861 716 942 quod
745 860 797 923 bis
828 861 917 944 apud
948 870 1095 925 nostrum
1127 863 1212 926 redit
1241 862 1325 927 infra

146 980 242 1065 plura
264 981 449 1044 videbimus
472 981 512 1064 (c.
537 981 604 1064 VI).

194 1171 425 1254 rapacissimum.

192 1344 244 1408 De
268 1345 370 1408 verbo
396 1341 617 1424 παραπύλλειν
641 1348 731 1428 quod
756 1349 846 1430 apud
869 1347 951 1413 alios
967 1349 1151 1434 scriptores,
1168 1358 1327 1431 quantum

148 1469 229 1544 scio,
254 1490 320 1532 non
343 1466 472 1552 legitur,
495 1469 561 1532 vid.
584 1490 617 1552 p.
643 1486 697 1549 30.

196 1660 408 1742 παριππεύειν.

194 1830 342 1893 Verbum
363 1829 565 1911 παριππεύειν
581 1853 648 1896 uno
663 1832 739 1896 loco
755 1834 845 1916 apud
860 1841 1008 1897 nostrum
1025 1834 1200 1897 adhibetur
1215 1835 1325 1917 ibique

148 1951 294 2034 iungitur
316 1972 390 2015 curn
413 1954 601 2017 accusativo
625 1954 698 2028 loci,
723 1975 789 2036 quo
814 1955 867 2017 via
890 1955 1064 2018 indicatur:
1089 1954 1220 2018 Helena
1244 1955 1329 2035 1664

148 2093 199 2155 sq.
232 2080 348 2153 σωτῆρε
378 2072 406 2136 δ’
438 2075 526 2152 ἡμεῖς
556 2075 596 2139 σὼ
628 2075 803 2152 κασιγνήτα
831 2073 1074 2164 διπλῶίίπύντον
1098 2075 1328 2157 παριππεύοντε

150 2194 320 2274 πέμψομεν
355 2194 476 2276 πύτραν
509 2234 555 2243 -
588 2207 621 2260 et
651 2219 720 2273 nos,
750 2209 942 2275 servatores,
967 2200 1097 2283 gemini
1115 2204 1248 2281 fratres
1280 2200 1332 2264 tui

150 2318 247 2381 iuxta
261 2329 327 2399 per
347 2340 439 2382 mare
454 2317 644 2400 equitantes,
661 2319 826 2382 mittemus
841 2329 872 2382 te
886 2320 921 2384 in
929 2321 1090 2404 patriam.
1115 2322 1172 2385 Ad
1188 2322 1326 2385 verbum

151 2437 383 2518 παριππεύοντε
405 2447 516 2503 mente
540 2435 732 2520 supplemus
755 2433 841 2517 παροί
861 2460 914 2501 σοι.
947 2437 1174 2503 Offensionem
1193 2459 1327 2503 movere

151 2568 263 2643 potest
277 2560 331 2623 ille
347 2561 550 2624 accusativus
567 2557 686 2623 πόντον.
709 2557 923 2623 Conferamus
938 2558 1101 2623 Androm.
1123 2577 1205 2622 1012
1224 2555 1329 2631 ἵπποις

151 2677 299 2761 διφρεύων
322 2675 406 2745 illum
430 2679 580 2757 πέλανος.
608 2678 801 2762 Composita
824 2680 944 2742 eodem
967 2681 1068 2743 modo
1092 2699 1329 2762 nonnunquam

152 2821 228 2864 cum
261 2803 448 2866 accusativo
483 2803 675 2874 invenimus,
710 2809 745 2862 ut
774 2797 974 2877 καταβαίνειν
1004 2797 1158 2878 κλίμακα,
1192 2801 1330 2864 Homeri

152 2921 275 3004 Odyss.
307 2923 332 2985 Ι.
365 2940 439 3004 330.
470 2923 643 2986 Relatione
673 2930 784 2985 autem
814 2941 899 3003 quae
930 2922 965 2985 in
994 2922 1098 2985 verbo
1130 2920 1331 2999 καταβαίνειν

107 3105 109 3108 Α
153 3044 239 3106 inter
272 3045 550 3127 praepositionem
584 3052 618 3107 et
653 3043 875 3107 accusativum
910 3042 973 3107 loci
1003 3052 1120 3118 exstat,
1154 3044 1187 3106 in
1217 3052 1330 3106 nostro

154 3165 357 3244 παριππεύειν
380 3185 539 3228 caremus.

200 3285 355 3351 Ceterum
390 3288 520 3351 duobus
552 3287 632 3350 locis
663 3286 891 3368 Thucydideis
922 3307 942 3350 a
972 3285 1141 3370 Stephano
1172 3286 1332 3369 neglectis

156 3406 358 3488 παριππεύειν
382 3409 478 3473 adest
499 3429 575 3471 curn
598 3407 711 3471 hostili
734 3428 831 3471 sensu
849 3407 997 3472 adlatus
1011 3407 1189 3489 equitandi,
1204 3406 1333 3488 obequi-

154 3530 259 3594 tandi.
283 3530 437 3612 Thucyd.
462 3530 534 3595 VII.
560 3531 614 3611 78.
640 3546 669 3610 3.
695 3538 729 3594 et
752 3530 784 3594 6.

201 3724 432 3804 παρακαίιέναι.

199 3891 277 3956 Uno
300 3892 374 3956 loco
397 3892 461 3956 hoc
483 3894 620 3957 verbum
643 3895 747 3968 adest,
773 3891 903 3958 Helena
930 3906 965 3975 15
972 3893 1014 3974 36
1038 3889 1177 3968 πνδύκιύ
1193 3917 1229 3957 τε
1244 3889 1335 3972 {ety-

156 4024 241 4076 mmr
266 4011 471 4094 παρακαθίετο
487 4050 531 4064 -
540 4014 765 4099 gubernacula
788 4015 868 4079 lom's
891 4015 933 4080 ab
956 4026 1090 4098 utroque
1111 4017 1213 4080 latere
1235 4014 1336 4079 navis

155 4135 416 4201 demittebantur.
463 4136 516 4200 De
546 4135 636 4199 hisce
667 4133 745 4199 loris
777 4137 949 4201 audiamus
979 4137 1237 4202 Baumeisterum
1267 4137 1286 4198 i.
1303 4155 1334 4215 v·

155 4255 331 4323 Seewesen
351 4280 385 4342 p.
406 4256 506 4322 1616:
531 4258 601 4323 Wie
615 4258 676 4322 der
689 4257 794 4324 Slz'bel
805 4280 851 4323 an
865 4258 938 4324 dem
954 4259 1201 4342 Kappelriemm
1215 4256 1334 4338 tongi,
