3038 4808
167 343 169 346 .
209 289 253 354 26
355 284 552 367 παρατιθέναι
573 323 618 336 -
643 283 957 368 παραζευγνύναι-
982 284 1233 369 παρασκευάζειν.
1277 278 1279 282 ⁴

209 476 293 540 sicut
316 483 428 539 noster
450 476 560 539 media
584 473 688 538 forma
710 475 806 539 huius
828 476 920 539 verbi
944 495 1022 538 usus
1044 483 1104 539 est.
1144 474 1252 557 Saepe
1274 483 1386 540 tamen

209 595 359 659 adhibuit
389 595 563 678 Euripides
588 593 773 675 προστιθέναι
797 604 832 659 et
854 594 1030 672 ἐπιτιθέναι,
1050 597 1179 678 aliaque
1201 597 1389 677 composita

208 717 300 781 verbi
324 714 444 780 τιθέναι.

252 838 355 921 Apud
378 839 460 902 alios
484 838 669 921 scriptores,
693 838 851 922 imprimis
874 840 962 922 apud
990 839 1172 903 Homerum
1189 836 1388 920 παρατιθέναι

207 982 282 1024 cum
305 961 440 1044 propria
462 959 596 1023 notione
619 969 690 1023 tum
708 960 866 1024 translato
884 981 981 1024 sensu
999 961 1183 1044 praeditum
1199 960 1388 1041 frequenter

208 1082 356 1166 legimus.

254 1271 512 1355 παραζευγνύναι.

253 1443 336 1507 Cum
368 1446 471 1508 verbo
503 1443 699 1525 παρατιθέναι
730 1446 854 1529 optime
878 1465 1069 1528 comparare
1092 1466 1264 1528 possumus
1288 1468 1388 1527 παρα-

207 1561 368 1643 ζευγνύναι
400 1567 565 1630 —lateri
592 1567 782 1652 adiungere,
812 1569 903 1650 quod
934 1569 1066 1650 propria
1089 1571 1222 1632 notione
1246 1571 1388 1632 occurrit

210 1685 271 1751 Ion
312 1705 352 1750 22
397 1709 468 1771 sqq.
510 1687 593 1769 κείνῳ
636 1688 697 1770 γάρ
740 1691 757 1764 ἡ
801 1689 871 1761 Διὸς
904 1686 1122 1778 κθρνΙέΦρσυρὼ
1157 1687 1388 1770 παραζεύξασα

207 1807 333 1889 Φύλακε
368 1809 511 1888 σώματος
525 1807 537 1899 ΙΙ
556 1809 646 1875 δισσὼ
683 1807 834 1891 δράκοντε,
869 1811 1020 1892 παρθένοις
1052 1809 1235 1891 Ἀγλαυρίσι
1253 1808 1264 1899 ll
1281 1810 1388 1875 δίδωσι

207 1928 310 2011 σῴζειν
333 1968 376 1979 -
400 1933 453 1996 illi
473 1933 560 1996 enim
582 1933 673 1997 Iovis
686 1934 768 2016 filia
783 1943 962 2016 postquam
980 1934 1125 1996 custodes
1141 1933 1306 2010 adiunxit,
1322 1953 1387 1996 cor·

200 2053 296 2134 poris
326 2054 500 2129 tutamina,
524 2055 606 2118 duos
627 2054 794 2131 dracones,
809 2054 952 2138 filiabus
974 2053 1123 2137 Aglauri
1141 2055 1232 2117 dedit
1252 2075 1386 2119 servan-

205 2171 294 2234 dum.
339 2169 429 2233 Alibi
460 2172 549 2253 apud
580 2180 728 2235 nostrum
760 2180 934 2254 usurpatur
962 2172 1004 2234 de
1027 2169 1148 2234 femina
1171 2172 1240 2234 viro
1263 2180 1386 2254 nupta;

181 2320 184 2326 ·
206 2289 323 2374 fragm.
335 2292 424 2375 apud
437 2289 618 2355 Stobaeum
630 2292 684 2375 67.
699 2295 729 2355 8.
743 2292 818 2369 γυνθ
833 2288 1087 2373 παραζευχθεῑσα
1096 2290 1190 2375 (άνδρὶ
1203 2289 1385 2376 σίκσΦθθρῳ).

205 2412 378 2477 Translate
408 2414 546 2476 verbum
578 2435 607 2476 e.
625 2434 657 2496 g.
682 2415 771 2498 apud
794 2414 1003 2478 Plutarchum
1026 2415 1176 2497 legimus,
1201 2414 1258 2476 ubi
1281 2415 1387 2498 perlu-

204 2536 305 2598 cescit
338 2536 447 2616 imago
479 2535 627 2598 conubii:
661 2532 831 2615 παρέζευξε
853 2543 893 2615 τῇ
916 2533 1001 2598 κατά
1025 2534 1076 2598 τὸν
1099 2533 1236 2611 πόλεμον
1259 2534 1387 2609 άσκιὶσει

205 2655 261 2729 τὴν
285 2653 499 2736 φιλομουσίαν.

251 2845 505 2929 παρασκευάζειν.

249 3033 305 3097 Ad
330 3031 526 3113 παρατιθέναι
550 3033 688 3096 verbum
710 3034 860 3115 proxime
886 3033 1014 3097 accedit
1038 3028 1290 3113 παρασκευάζειν.
1331 3032 1383 3096 Ne

204 3157 276 3238 quis
311 3157 447 3228 dubitet,
484 3157 567 3218 sitne
602 3153 666 3219 hoc
697 3155 833 3219 verbum
865 3155 1086 3237 compositum
1110 3154 1202 3217 verbi
1226 3149 1382 3233 σκευάζειν

202 3298 246 3341 an
277 3278 495 3341 derivandum
527 3298 546 3339 a
576 3277 781 3340 substantivo
816 3275 1005 3354 παρασκευή,
1029 3295 1255 3357 comparemus
1280 3273 1382 3338 ἐπινυ-

207 3396 328 3478 ριάζειν,
353 3395 584 3479 παρσνιράζειν,
611 3394 875 3478 προσαναγκάζειν
899 3417 984 3479 quae
1009 3398 1191 3479 composita
1214 3405 1290 3459 sunt
1314 3417 1382 3460 ver·

202 3521 319 3584 borum
344 3517 499 3599 ένιράζειν
523 3530 555 3584 et
578 3516 765 3598 άναγκύζειν
788 3539 896 3602 neque
920 3540 940 3581 a
966 3518 1150 3581 nominibus
1174 3519 1380 3582 deducenda.

250 3638 473 3721 παρασκευάζει
506 3640 540 3705 τι’
569 3665 625 3705 τινι
649 3650 699 3705 est
723 3637 859 3719 σκευάζει
883 3635 961 3702 άστε
985 3645 1122 3718 παρεῖναι
1145 3637 1178 3703 τέ
1198 3662 1263 3716 τινι,
1289 3640 1381 3704 cuius

202 3763 449 3845 significationis
468 3764 628 3846 optimum
651 3763 825 3845 vestigium
845 3762 994 3824 videmus
1010 3760 1109 3824 Arist.
1126 3759 1273 3823 Acharn.
1296 3760 1380 3841 1176

202 3882 305 3958 ὀθόνια,
323 3885 457 3964 κνρατθρν
474 3882 728 3965 παρασκευάζετε
746 3923 785 3930 -
803 3884 944 3957 linteola,
956 3894 1099 3946 ceratum
1105 3893 1238 3964 parate,
1252 3883 1379 3963 afferte.

202 4008 279 4070 Non
302 4007 408 4069 solum
432 4009 618 4088 praeparari
641 4006 700 4069 has
723 4026 775 4068 res
799 4014 939 4087 oportet,
963 4006 1021 4068 sed
1045 4005 1086 4068 ad
1103 4025 1227 4078 manus
1245 4013 1379 4087 praesto

199 4148 274 4190 esse
305 4128 410 4190 alicui.
458 4129 521 4189 Hic
552 4148 665 4189 sensus
696 4127 786 4209 apud
818 4127 1011 4208 Euripidem
1040 4146 1172 4207 quoque
1200 4127 1376 4207 reperitur:

202 4248 301 4312 Herc.
331 4249 390 4312 fur.
427 4249 509 4329 1368
541 4268 612 4330 sqq.
640 4247 703 4311 οὐδ’
729 4247 840 4312 ὤνασθε
863 4252 922 4311 τῶν
946 4247 1024 4324 ἐρῶν
1048 4243 1261 4334 καλύκΗάγθι
1287 4268 1377 4327 παρε-
