3038 4808
182 338 221 384 12
544 321 750 402 παρίστασθαι
774 359 816 372 --
840 323 1000 403 παρῆσθαι.

168 511 313 590 fortuna
343 510 518 573 accesserit.
566 511 657 574 Bene
688 511 827 574 adnotat
856 510 1067 574 scholiastes:
1100 512 1137 581 ὡς
1165 509 1203 574 θον
1227 512 1244 586 ἦ
1269 509 1360 593 τύχη

179 629 391 713 παραγένοιτο.
427 632 528 695 Miror
543 631 719 695 nonnullos
737 634 824 695 viros
842 633 958 696 doctos
974 632 1062 696 hunc
1077 654 1208 697 versum
1226 645 1357 700 mutare

178 751 332 816 voluisse.
355 753 484 816 Rhesus
508 756 574 834 780
596 751 651 816 καί
672 775 723 829 μοι
746 752 814 816 καθ’
839 748 929 816 ὕπνον
946 751 1025 828 δόξα
1041 777 1087 825 τις
1104 753 1354 833 παρίσταται-

177 883 210 936 et
242 873 329 936 milti
359 876 470 958 imago
505 877 668 956 quaedam
705 876 739 938 m
774 895 884 938 somno
919 876 1064 956 affertur.
1112 876 1226 940 Paullo
1263 877 1359 941 aliter

178 992 335 1077 Sophocl.
380 995 465 1059 Oed.
502 998 585 1078 Reg.
621 1013 683 1076 911
732 993 811 1070 δόξα
845 1018 896 1073 μοι
933 993 1120 1076 παρεστοίθν,
1155 999 1176 1060 i.
1201 1019 1231 1062 e.
1270 995 1360 1075 ἔδοξε

178 1138 239 1192 μοι.
293 1118 392 1181 Unde
438 1117 698 1200 impersonaliter
741 1118 864 1180 omisso
902 1117 1064 1181 vocabulo
1103 1115 1180 1194 δόξα
1218 1121 1358 1184 verbum

177 1235 384 1315 παρίστασθαι
414 1241 546 1320 ponitur
572 1240 631 1302 lon
663 1254 741 1319 1451
770 1259 819 1320 sq.
844 1236 911 1315 ἐμοὶ
935 1238 1072 1314 γενέσθαι
1096 1237 1203 1304 ποίντα
1227 1243 1356 1318 μᾶλλον

178 1357 215 1422 ι’ίν
240 1357 337 1447 ποτείΙ
347 1368 456 1440 μῆτερ,
482 1359 620 1440 παρέστα
644 1359 744 1434 τῶνδ’,
761 1355 842 1432 ὅπως
858 1358 908 1430 σθς
926 1361 986 1438 εἶμ’
1005 1359 1065 1436 ἐγώ
1083 1399 1127 1409 -
1142 1362 1230 1426 mihi
1243 1365 1360 1429 amnia

176 1480 273 1544 citius
300 1493 456 1546 eventura
487 1504 568 1559 esse,
598 1493 714 1555 mater,
738 1483 773 1544 in
797 1493 933 1545 mentem
958 1482 1124 1547 amidisset
1146 1505 1247 1566 quam
1271 1485 1363 1566 quad

178 1603 360 1687 tuusfilius
374 1605 449 1667 sim.
493 1605 558 1667 Hic
574 1625 652 1667 usus
667 1605 757 1687 apud
773 1603 854 1667 alios
867 1625 1000 1686 quoque
1012 1605 1185 1681 invenitur,
1198 1606 1359 1690 imprimis

177 1726 267 1807 apud
290 1725 523 1806 Thucydidem
546 1727 586 1808 (e.
603 1745 635 1807 g.
660 1725 718 1788 IV.
743 1725 797 1787 61.
822 1727 863 1807 2).

222 1846 352 1930 Dignus
383 1849 520 1911 tandem
552 1849 608 1930 qui
640 1856 839 1910 memoretur
871 1856 922 1909 est
944 1847 1036 1910 locus
1059 1849 1093 1910 in
1117 1848 1283 1911 Heraclid.
1308 1869 1357 1913 vs.

180 1982 239 2047 501
274 1988 323 2049 sq.
355 1967 415 2043 ἐγὼ
448 1966 508 2049 νθιρ
539 1967 618 2042 αὐτὴ
651 1967 719 2047 πρὶν
748 1967 952 2042 κελευσθῆναι,
976 1965 1225 2056 νέρονΗθννίσαειν
1249 1968 1357 2048 ἑτοίμη

176 2088 230 2152 καὶ
256 2087 463 2168 παρίστασθαι
487 2092 599 2169 σφαγῇ
623 2125 666 2136 -
688 2111 747 2172 ega
769 2090 866 2165 enim,
883 2091 1085 2171 priusquam
1107 2091 1230 2166 iubear,
1246 2112 1358 2169 senex,

169 2222 299 2292 parata
321 2231 394 2273 sum
419 2211 506 2273 mam'
527 2221 559 2273 et
573 2232 624 2272 me
639 2211 756 2274 dedere
770 2212 872 2274 caedi.
919 2209 1127 2290 παρίστασθαι
1142 2212 1204 2274 hac
1221 2213 1358 2277 notione

178 2333 365 2415 praeditum
389 2332 479 2414 apud
503 2333 712 2395 Herodotum
727 2352 828 2414 saepe
844 2333 963 2415 legitur
978 2332 1140 2407 absolute,
1157 2333 1226 2396 sine
1242 2334 1359 2397 dativo

179 2456 220 2538 (e.
244 2475 276 2537 g.
307 2454 364 2516 111.
399 2467 457 2534 155
492 2450 518 2517 ai
549 2451 689 2531 πολέμιοι
723 2453 985 2534 παραστήσονται,
1013 2455 1135 2516 ibidem
1164 2457 1223 2538 13).
1271 2455 1357 2520 Cum

178 2577 291 2639 dativo
315 2578 527 2638 coniunctum
550 2595 658 2656 neque
682 2576 770 2657 apud
796 2575 1004 2638 Herodotum
1022 2595 1130 2658 neque
1146 2578 1235 2658 apud
1252 2578 1356 2641 alium

176 2699 241 2761 hoc
265 2718 363 2761 sensu
390 2695 597 2776 παρίστασθαι
622 2698 742 2759 inveni.
789 2695 900 2776 Quam
924 2698 968 2760 ob
992 2717 1127 2760 causam
1152 2707 1264 2761 nostro
1280 2699 1360 2763 loco

178 2819 359 2901 Euripiden
383 2840 515 2901 quoque
535 2821 684 2883 dativum
701 2821 815 2898 σφαγῇ
831 2839 897 2882 non
914 2839 933 2882 e
949 2820 1192 2901 praepositione
1208 2822 1358 2901 pendere

178 2951 270 3024 put0,
302 2942 361 3004 sed
385 2941 533 3003 dativum
557 2939 689 3003 finalem
714 2960 797 3013 esse,
822 2941 906 3003 sicut
929 2941 1018 3023 apud
1042 2941 1236 3015 Homerum,
1260 2941 1356 3005 Iliad.

179 3064 254 3127 Vll.
295 3066 358 3126 218
398 3060 632 3142 προκαλέσσατο
668 3058 780 3142 χοίρμρ
810 3098 855 3111 -
879 3062 1073 3143 provocavit
1105 3064 1155 3126 ad
1183 3073 1357 3138 certamen,

179 3185 260 3247 iliad
294 3185 385 3247 XXI.
423 3200 488 3264 394
523 3182 604 3255 θεοὺς
635 3180 704 3263 ἔριδι
737 3179 992 3258 ξυνελαύνεις-
1015 3184 1090 3247 deas
1120 3184 1170 3260 aa'
1193 3194 1358 3247 certamen

178 3306 360 3369 committes.

223 3490 387 3569 παρῆσθαι.

223 3677 373 3739 Verbum
398 3675 552 3757 παρῆσθαι
574 3697 618 3740 ex
639 3677 786 3739 Homero
802 3677 959 3739 traditum
976 3676 1029 3760 (cf.
1046 3677 1138 3740 Iliad.
1157 3678 1170 3739 Ι
1187 3695 1250 3757 421
1271 3677 1355 3752 νννσί

178 3797 362 3881 παρήμενος)
392 3799 480 3879 apud
505 3807 652 3861 nostrum
675 3818 741 3861 uno
769 3797 843 3861 loco
866 3798 986 3880 legitur
1009 3818 1106 3860 sensu
1133 3819 1224 3862 mere
1246 3799 1356 3876 locali,

178 3917 325 4000 Supplic.
359 3920 424 3998 289
455 3939 503 4000 sq,
535 3916 640 3998 ἔπαιρε
670 3918 775 3982 λευκὸν
801 3920 912 3998 κροῖτα,
944 3919 989 3996 μὴ
1014 3917 1357 4007 δακρυρρόειίίσεμναῑσι

178 4044 276 4115 Δνοῦς
307 4038 457 4120 ε’σχοίραις
480 4039 639 4120 παρνμένν
662 4078 705 4090 -
729 4041 819 4124 em'ge
841 4062 957 4104 canum
979 4053 1084 4123 caput,
1108 4043 1177 4105 nali
1198 4042 1357 4107 lacrimas

167 4165 315 4244 sundere
355 4163 476 4226 sanctis
504 4163 594 4244 facis
635 4162 765 4227 Cerem's
801 4162 958 4227 assidens.
1015 4163 1118 4247 Apud
1157 4165 1357 4228 recentiores

176 4292 304 4347 tantum
328 4285 499 4348 invenitur.
