3038 4808
672 293 830 378 παρέχειν.
1301 313 1340 360 21

127 466 130 472 ’
161 484 308 559 afferant,
327 485 388 547 sed
410 490 446 546 ut
469 483 591 547 abeant
616 481 667 566 (cf.
696 483 791 566 1330)
814 503 920 564 neque
935 503 1011 547 eum
1028 482 1216 547 molestent.
1240 483 1341 548 Arist.

160 606 254 670 Aves
282 620 367 686 1720
382 625 514 688 quoque
530 604 612 668 haec
628 605 719 668 notio
736 602 862 688 optime
879 605 1037 687 quadrat;
1053 603 1211 688 legimus:
1228 601 1342 690 ἄνεχε,

161 726 259 808 διέχε,
291 723 427 807 πιὶριιχε,
459 723 581 807 πιὶρεχε
616 763 655 772 -
686 729 803 799 recede,
834 728 965 790 ordines
991 728 1082 800 laxa,
1114 726 1247 790 cherum
1270 730 1341 801 duc,

152 850 278 932 praebe
301 850 413 913 locum.
448 847 595 913 Chorum
620 849 729 911 avium
752 847 840 911 laces
863 859 975 912 tenere
999 848 1176 912 verisimile
1200 869 1267 913 non
1291 858 1341 911 est

160 991 280 1054 neque,
305 978 341 1032 ut
364 970 510 1033 Kockius
532 969 611 1044 vult,
637 966 784 1050 πιιρέχειν
807 971 1003 1033 vertendum
1027 977 1097 1032 est:
1123 968 1213 1044 „sicle
1229 970 1264 1033 in
1283 971 1343 1032 der

159 1092 261 1157 Ndlee
294 1093 441 1156 halten.”
476 1093 568 1156 Loco
605 1092 744 1156 Homeri
778 1091 881 1174 (Iliad.
913 1090 970 1154 IV.
1006 1091 1083 1174 229)
1113 1112 1213 1174 quem
1249 1091 1343 1153 affert

162 1214 319 1289 Kockius,
355 1210 550 1294 παρισχέμεν
579 1214 748 1277 transitive
777 1213 953 1276 adhibetur
986 1213 1063 1295 (vid.
1096 1233 1184 1294 supr.
1218 1233 1251 1295 p.
1280 1211 1340 1294 16).

161 1336 283 1399 Nostro
307 1335 382 1399 loco
405 1334 583 1417 Euripiden
606 1334 738 1417 (Troad.
765 1337 839 1416 308)
863 1335 964 1398 verba
987 1329 1098 1414 ἄνεχε,
1124 1331 1256 1415 πνέρεχε,
1273 1336 1342 1414 Φῶς

160 1455 236 1538 Φέρε
268 1456 370 1520 choro
395 1458 474 1520 dicit
498 1455 691 1519 Cassandra.
716 1457 836 1518 Mirum
860 1457 948 1520 enim
972 1466 1072 1530 esset,
1098 1459 1124 1519 si
1148 1458 1342 1541 imperativo

163 1580 265 1642 modo
289 1598 326 1642 se
348 1580 420 1662 ipsa
438 1577 581 1641 allocuta
597 1577 788 1650 Cassandra,
802 1579 911 1641 statim
928 1582 1003 1661 post
1019 1586 1129 1641 autem
1146 1579 1342 1659 perrexisset

163 1702 329 1764 indicativi
344 1702 452 1783 prima
466 1720 608 1782 persona
623 1697 727 1783 (σέβω,
744 1697 854 1779 φλέγω
872 1696 1021 1776 λιιμπιέσι
1033 1697 1099 1762 πόδ’
1113 1695 1207 1782 ἱερόν).
1232 1697 1341 1779 Quam

162 1823 207 1887 ob
238 1843 309 1886 rem
339 1840 513 1904 perperam
544 1820 735 1884 scholiastes
759 1822 895 1884 adiecit:
921 1818 1051 1884 δύνιιπιιι
1075 1818 1107 1884 δὲ
1132 1819 1207 1898 πρὸς
1229 1818 1341 1891 ἑνινπὶιν

162 1941 272 2019 λέγειν.
298 1942 442 2007 Chorum
465 1963 532 2006 non
555 1942 643 2006 faces
659 1943 775 2006 tollere
792 1941 976 2006 Cassandra
992 1943 1093 2016 iubet,
1110 1943 1169 2004 sed
1186 1941 1340 2004 recedere

163 2076 197 2129 et
227 2068 314 2130 viam
345 2066 516 2148 praebere.
547 2065 623 2148 Ipsa
655 2066 766 2129 lumen
792 2066 853 2128 fert
877 2065 927 2148 (cl.
954 2086 1000 2128 vs.
1028 2081 1102 2145 320.
1128 2065 1214 2148 348).
1239 2063 1340 2145 Quod

162 2188 206 2252 ad
230 2188 367 2251 verbum
390 2184 514 2267 ιὶνὲχειν
537 2188 662 2262 attinet,
686 2188 780 2250 simili
804 2189 903 2251 modo
927 2187 1011 2250 Xen.
1037 2185 1168 2251 Hellen.
1194 2187 1219 2249 Ι.
1244 2187 1275 2249 6.
1296 2188 1338 2250 28

162 2309 354 2374 adhibetur:
378 2306 445 2372 ἐπεὶ
469 2308 502 2373 δὲ
525 2307 656 2390 ἀνέσχεν
678 2321 917 2394 -postquam
940 2312 1076 2393 (pluere)
1099 2309 1207 2373 desiit.

207 2431 307 2494 Haud
330 2433 435 2514 magis
458 2432 562 2495 altero
586 2431 661 2495 loco
685 2431 788 2515 (Cycl.
814 2434 889 2516 203)
912 2442 1089 2496 contextus
1115 2453 1175 2495 nos
1190 2432 1281 2514 cogit
1296 2432 1339 2494 ad

161 2548 286 2632 πάρεχε
308 2553 461 2635 supplere
483 2551 614 2631 docilem
639 2554 728 2617 nulla
743 2555 831 2617 enim
849 2554 886 2618 fit
903 2556 1027 2617 mentio
1044 2553 1173 2617 facium·
1200 2550 1339 2634 Optima

161 2672 198 2737 fit
220 2673 392 2746 sententia,
416 2675 443 2737 si
466 2669 572 2755 ἄνεχε,
596 2671 720 2755 πιὶρεχε
742 2676 916 2739 vertimus:
941 2675 1061 2748 inhibe,
1077 2675 1204 2756 praebe
1225 2675 1338 2736 lecum.

161 2793 305 2857 Minatur
328 2793 481 2877 Cyclops,
498 2796 559 2858 uisi
575 2795 727 2859 bacchari
744 2796 910 2871 desierint,
926 2817 963 2859 se
978 2817 1104 2880 poenas
1121 2804 1337 2878 sumpturum.

161 2914 203 2977 cs.
228 2930 293 2977 210
315 2935 364 2996 sq.
388 2912 482 2996 πιέχιι
504 2914 551 2988 τίς
574 2916 655 2994 ὑμῶν
679 2916 720 2997 τῷ
745 2914 976 3006 ξνλῷ))δνέκρνιι
999 2917 1132 2995 μεθήσει.
1156 2918 1247 2999 Ergo
1271 2935 1338 2978 non

159 3036 288 3100 iubebit
312 3058 370 3100 eos
392 3037 509 3102 tollere
532 3049 565 3102 et
588 3039 704 3102 afferre
728 3038 826 3102 laces.

206 3277 239 3345 tl.
287 3279 435 3361 πιιρὲχειν
469 3302 567 3344 cum
602 3283 786 3346 duobus
821 3284 1136 3347 accusativis.

206 3400 405 3486 Saepissime
432 3403 475 3465 ad
498 3403 666 3466 obiectum
690 3405 888 3468 adiectivum
912 3405 1048 3480 accedit,
1075 3404 1165 3485 quod
1189 3421 1336 3465 nonnun-

160 3544 261 3608 quam
292 3526 515 3608 praedicative
545 3526 774 3608 accipiendum
805 3535 863 3590 est.
911 3527 1119 3589 Praemittam
1150 3525 1251 3598 locos,
1279 3523 1335 3587 ubi

159 3648 280 3712 arctius
317 3667 394 3709 cum
433 3647 565 3711 obiecto
600 3668 699 3729 quam
734 3670 808 3711 cum
843 3650 945 3713 verbo
979 3649 1248 3731 coniungendum
1285 3656 1336 3709 est

159 3768 368 3832 adiectivum.
414 3767 599 3832 Paullulum
624 3778 767 3833 mutatur
790 3771 880 3834 notio
905 3771 996 3834 verbi
1013 3790 1122 3851 neque
1138 3768 1334 3852 „praeberen

158 3898 298 3964 tautum,
322 3891 382 3953 sed
406 3890 587 3968 „exhibere
611 3895 737 3975 offlrre,
761 3892 944 3957 ostendere”
968 3892 1063 3958 valet.

210 4027 237 4074 1.
285 4011 356 4092 lph.
392 4011 469 4075 Aul.
504 4030 566 4093 931
606 4035 654 4095 sq.
689 4015 764 4077 ἀλλ’
800 4011 896 4077 noer·
929 4014 958 4078 ἕν
988 4013 1082 4098 Τρσίρ
1113 4017 1142 4079 π’
1176 4013 1331 4095 ἐλευθέραν

158 4127 441 4220 φύσιν))πιιρέχιιν,
470 4138 550 4214 ’Άρρ
581 4134 616 4198 πὸ
648 4136 721 4199 κατ’
750 4134 806 4213 ἐμὲ
828 4136 973 4213 κοσμήσω
998 4136 1060 4217 δορί
1081 4174 1124 4185 --
1148 4136 1202 4199 leic
1222 4148 1332 4200 aurem

157 4264 193 4319 et
220 4253 256 4317 in
293 4255 391 4318 Trete
421 4255 558 4320 liberam
581 4257 722 4322 indolem
744 4259 908 4333 exhibens,
933 4260 1090 4332 Martem,
1114 4269 1274 4343 quantum
1298 4257 1333 4321 in
