<?xml version="1.0" encoding="UTF-8"?>
<!DOCTYPE html PUBLIC "-//W3C//DTD XHTML 1.0 Transitional//EN"
    "http://www.w3.org/TR/xhtml1/DTD/xhtml1-transitional.dtd">
<html xmlns="http://www.w3.org/1999/xhtml" xml:lang="en" lang="en">
 <head>
  <title>
</title>
<meta http-equiv="Content-Type" content="text/html;charset=utf-8" />
  <meta name='ocr-system' content='tesseract 3.04.00' />
  <meta name='ocr-capabilities' content='ocr_page ocr_carea ocr_par ocr_line ocrx_word'/>
</head>
<body>
  <div class='ocr_page' id='page_1' title='image "./deparapraeposit01laangoog_0049.png"; bbox 0 0 3038 4808; ppageno 0'>
   <div class='ocr_carea' id='block_1_1' title="bbox 213 286 883 374">
    <p class='ocr_par' dir='ltr' id='par_1_1' title="bbox 213 286 883 374">
     <span class='ocr_line' id='line_1_1' title="bbox 213 286 883 374; baseline -0.003 -18"><span class='ocrx_word' id='word_1_1' title='bbox 213 308 255 358; x_wconf 85' lang='lat'><em>22</em></span> <span class='ocrx_word' id='word_1_2' title='bbox 471 286 476 290; x_wconf 60' lang='grc'><strong>’</strong></span> <span class='ocrx_word' id='word_1_3' title='bbox 726 289 883 374; x_wconf 78' lang='grc' dir='ltr'><em>τοορέχενν.</em></span> 
     </span>
    </p>
   </div>
   <div class='ocr_carea' id='block_1_2' title="bbox 211 475 1388 1901">
    <p class='ocr_par' dir='ltr' id='par_1_2' title="bbox 211 475 1388 1294">
     <span class='ocr_line' id='line_1_2' title="bbox 213 475 1388 564; baseline 0.003 -20"><span class='ocrx_word' id='word_1_4' title='bbox 213 501 265 544; x_wconf 92' lang='lat' dir='ltr'><em>me</em></span> <span class='ocrx_word' id='word_1_5' title='bbox 286 489 343 555; x_wconf 91' lang='lat' dir='ltr'><em>est,</em></span> <span class='ocrx_word' id='word_1_6' title='bbox 367 478 488 543; x_wconf 87' lang='lat' dir='ltr'><em>ornabo</em></span> <span class='ocrx_word' id='word_1_7' title='bbox 504 479 695 564; x_wconf 83' lang='lat' dir='ltr'><em>pugnando.</em></span> <span class='ocrx_word' id='word_1_8' title='bbox 720 476 858 558; x_wconf 73' lang='grc' dir='ltr'><em>ἐλευθέρου</em></span> <span class='ocrx_word' id='word_1_9' title='bbox 874 475 967 559; x_wconf 78' lang='grc' dir='ltr'><strong><em>φύσις</em></strong></span> <span class='ocrx_word' id='word_1_10' title='bbox 982 499 1047 543; x_wconf 90' lang='lat' dir='ltr'><em>una</em></span> <span class='ocrx_word' id='word_1_11' title='bbox 1061 481 1153 544; x_wconf 89' lang='lat' dir='ltr'><em>notio</em></span> <span class='ocrx_word' id='word_1_12' title='bbox 1169 491 1236 547; x_wconf 89' lang='lat' dir='ltr'><em>est:</em></span> <span class='ocrx_word' id='word_1_13' title='bbox 1252 483 1388 548; x_wconf 87' lang='lat' dir='ltr'><em>libertas</em></span> 
     </span>
     <span class='ocr_line' id='line_1_3' title="bbox 215 592 1386 689; baseline 0.001 -22"><span class='ocrx_word' id='word_1_14' title='bbox 215 602 330 667; x_wconf 89' lang='lat' dir='ltr'><em>animi.</em></span> <span class='ocrx_word' id='word_1_15' title='bbox 354 592 596 665; x_wconf 55' lang='lat' dir='ltr'><em>Eodem&#39;modo</em></span> <span class='ocrx_word' id='word_1_16' title='bbox 609 602 844 685; x_wconf 86' lang='lat' dir='ltr'><em>interpretandi</em></span> <span class='ocrx_word' id='word_1_17' title='bbox 853 609 927 665; x_wconf 89' lang='lat' dir='ltr'><em>sunt</em></span> <span class='ocrx_word' id='word_1_18' title='bbox 937 621 1051 665; x_wconf 90' lang='lat' dir='ltr'>versus</span> <span class='ocrx_word' id='word_1_19' title='bbox 1063 601 1298 688; x_wconf 86' lang='lat' dir='ltr'><em>Orestis(1170</em></span> <span class='ocrx_word' id='word_1_20' title='bbox 1306 606 1386 689; x_wconf 88' lang='lat' dir='ltr'><strong>sq.):</strong></span> 
     </span>
     <span class='ocr_line' id='line_1_4' title="bbox 213 715 1388 811; baseline 0.003 -24"><span class='ocrx_word' id='word_1_21' title='bbox 213 715 243 787; x_wconf 78' lang='lat' dir='ltr'><em>br</em></span> <span class='ocrx_word' id='word_1_22' title='bbox 267 724 298 787; x_wconf 82' lang='lat' dir='ltr'><em>ob</em></span> <span class='ocrx_word' id='word_1_23' title='bbox 321 719 660 811; x_wconf 66' lang='grc' dir='ltr'><em>κοοτοοιοχυνῶΗδοῦλον</em></span> <span class='ocrx_word' id='word_1_24' title='bbox 683 723 861 803; x_wconf 78' lang='grc' dir='ltr'><em>τοοροοσχὼν,</em></span> <span class='ocrx_word' id='word_1_25' title='bbox 881 719 1009 787; x_wconf 65' lang='lat' dir='ltr'><em>obsera</em></span> <span class='ocrx_word' id='word_1_26' title='bbox 1031 761 1074 772; x_wconf 99' lang='lat'><em>-</em></span> <span class='ocrx_word' id='word_1_27' title='bbox 1099 747 1193 808; x_wconf 88' lang='lat' dir='ltr'><em>quem</em></span> <span class='ocrx_word' id='word_1_28' title='bbox 1218 747 1281 789; x_wconf 90' lang='lat' dir='ltr'><em>non</em></span> <span class='ocrx_word' id='word_1_29' title='bbox 1296 727 1388 790; x_wconf 84' lang='lat' dir='ltr'>dede·</span> 
     </span>
     <span class='ocr_line' id='line_1_5' title="bbox 211 843 1387 930; baseline 0.001 -21"><span class='ocrx_word' id='word_1_30' title='bbox 211 844 325 909; x_wconf 90' lang='lat' dir='ltr'><em>corabo</em></span> <span class='ocrx_word' id='word_1_31' title='bbox 339 845 492 909; x_wconf 87' lang='lat' dir='ltr'><em>servilem</em></span> <span class='ocrx_word' id='word_1_32' title='bbox 508 843 664 908; x_wconf 87' lang='lat' dir='ltr'><em>exhibens</em></span> <span class='ocrx_word' id='word_1_33' title='bbox 678 854 822 908; x_wconf 89' lang='lat' dir='ltr'><em>mortem.</em></span> <span class='ocrx_word' id='word_1_34' title='bbox 847 844 912 906; x_wconf 90' lang='lat' dir='ltr'><em>Hic</em></span> <span class='ocrx_word' id='word_1_35' title='bbox 927 865 1069 926; x_wconf 86' lang='lat' dir='ltr'>quoque,</span> <span class='ocrx_word' id='word_1_36' title='bbox 1082 866 1124 909; x_wconf 89' lang='lat' dir='ltr'>ne</span> <span class='ocrx_word' id='word_1_37' title='bbox 1137 847 1387 930; x_wconf 83' lang='lat' dir='ltr'>ambiguitatem</span> 
     </span>
     <span class='ocr_line' id='line_1_6' title="bbox 217 961 1388 1050; baseline 0.003 -21"><span class='ocrx_word' id='word_1_38' title='bbox 217 967 393 1049; x_wconf 88' lang='lat' dir='ltr'><em>pariamus,</em></span> <span class='ocrx_word' id='word_1_39' title='bbox 430 963 535 1029; x_wconf 76' lang='grc' dir='ltr'><em>δοῦλον</em></span> <span class='ocrx_word' id='word_1_40' title='bbox 569 973 603 1028; x_wconf 93' lang='lat' dir='ltr'>et</span> <span class='ocrx_word' id='word_1_41' title='bbox 638 961 764 1028; x_wconf 77' lang='grc' dir='ltr'><em>θοὶνοοτον</em></span> <span class='ocrx_word' id='word_1_42' title='bbox 797 973 886 1028; x_wconf 88' lang='lat' dir='ltr'>arcte</span> <span class='ocrx_word' id='word_1_43' title='bbox 919 967 1127 1050; x_wconf 88' lang='lat' dir='ltr'>coniugenda</span> <span class='ocrx_word' id='word_1_44' title='bbox 1162 976 1247 1032; x_wconf 89' lang='lat' dir='ltr'><em>sunt.</em></span> <span class='ocrx_word' id='word_1_45' title='bbox 1282 966 1388 1040; x_wconf 77' lang='grc' dir='ltr'><em>δοῦλος</em></span> 
     </span>
     <span class='ocr_line' id='line_1_7' title="bbox 214 1083 1388 1172; baseline 0.001 -20"><span class='ocrx_word' id='word_1_46' title='bbox 214 1084 343 1159; x_wconf 71' lang='lat' dir='ltr'><em>brivatae</em></span> <span class='ocrx_word' id='word_1_47' title='bbox 377 1088 444 1151; x_wconf 85' lang='lat' dir='ltr'>sere</span> <span class='ocrx_word' id='word_1_48' title='bbox 479 1089 568 1151; x_wconf 90' lang='lat' dir='ltr'><em>idem</em></span> <span class='ocrx_word' id='word_1_49' title='bbox 603 1097 653 1151; x_wconf 90' lang='lat' dir='ltr'><em>est</em></span> <span class='ocrx_word' id='word_1_50' title='bbox 687 1108 727 1151; x_wconf 89' lang='lat' dir='ltr'><em>ac</em></span> <span class='ocrx_word' id='word_1_51' title='bbox 764 1084 872 1150; x_wconf 78' lang='grc' dir='ltr'><em>δούλου</em></span> <span class='ocrx_word' id='word_1_52' title='bbox 908 1083 1034 1159; x_wconf 72' lang='grc' dir='ltr'><em>θοὲνοοτος</em></span> <span class='ocrx_word' id='word_1_53' title='bbox 1059 1123 1103 1138; x_wconf 91' lang='lat'><em>·-</em></span> <span class='ocrx_word' id='word_1_54' title='bbox 1126 1109 1216 1152; x_wconf 86' lang='lat' dir='ltr'><em>mors</em></span> <span class='ocrx_word' id='word_1_55' title='bbox 1248 1089 1388 1172; x_wconf 83' lang='lat' dir='ltr'><em>indigno</em></span> 
     </span>
     <span class='ocr_line' id='line_1_8' title="bbox 213 1209 762 1294; baseline 0.004 -21"><span class='ocrx_word' id='word_1_56' title='bbox 213 1211 344 1294; x_wconf 88' lang='lat' dir='ltr'><em>qualem</em></span> <span class='ocrx_word' id='word_1_57' title='bbox 367 1210 458 1273; x_wconf 84' lang='lat' dir='ltr'><em>servi</em></span> <span class='ocrx_word' id='word_1_58' title='bbox 477 1209 630 1274; x_wconf 84' lang='lat' dir='ltr'><em>exhibere</em></span> <span class='ocrx_word' id='word_1_59' title='bbox 651 1210 762 1275; x_wconf 81' lang='lat' dir='ltr'><em>solent.</em></span> 
     </span>
    </p>

    <p class='ocr_par' dir='ltr' id='par_1_3' title="bbox 214 1327 1387 1778">
     <span class='ocr_line' id='line_1_9' title="bbox 260 1327 1385 1420; baseline 0.001 -26"><span class='ocrx_word' id='word_1_60' title='bbox 260 1333 343 1395; x_wconf 89' lang='lat' dir='ltr'><strong>Item</strong></span> <span class='ocrx_word' id='word_1_61' title='bbox 369 1332 492 1395; x_wconf 88' lang='lat' dir='ltr'>Troad.</span> <span class='ocrx_word' id='word_1_62' title='bbox 516 1331 578 1412; x_wconf 83' lang='lat'><em>655</em></span> <span class='ocrx_word' id='word_1_63' title='bbox 605 1352 654 1413; x_wconf 88' lang='lat' dir='ltr'><em>sq.</em></span> <span class='ocrx_word' id='word_1_64' title='bbox 677 1329 821 1406; x_wconf 70' lang='grc' dir='ltr'><em>γλώσσης</em></span> <span class='ocrx_word' id='word_1_65' title='bbox 842 1354 877 1394; x_wconf 81' lang='grc' dir='ltr'><em>τε</em></span> <span class='ocrx_word' id='word_1_66' title='bbox 892 1331 981 1407; x_wconf 69' lang='grc' dir='ltr'><em>τιμὴν</em></span> <span class='ocrx_word' id='word_1_67' title='bbox 995 1328 1087 1410; x_wconf 79' lang='grc' dir='ltr'><em>ὄμμοο</em></span> <span class='ocrx_word' id='word_1_68' title='bbox 1102 1331 1125 1395; x_wconf 82' lang='lat' dir='ltr'><em>b’</em></span> <span class='ocrx_word' id='word_1_69' title='bbox 1143 1327 1258 1412; x_wconf 75' lang='grc' dir='ltr'><em>ἥσυχον</em></span> <span class='ocrx_word' id='word_1_70' title='bbox 1276 1327 1385 1420; x_wconf 59' lang='lat' dir='ltr'><em>abacti!</em></span> 
     </span>
     <span class='ocr_line' id='line_1_10' title="bbox 214 1452 1387 1536; baseline 0.003 -21"><span class='ocrx_word' id='word_1_71' title='bbox 214 1458 363 1533; x_wconf 81' lang='grc' dir='ltr'><em>τοορεῖχον</em></span> <span class='ocrx_word' id='word_1_72' title='bbox 395 1490 434 1498; x_wconf 94' lang='grc'><strong>-</strong></span> <span class='ocrx_word' id='word_1_73' title='bbox 463 1453 604 1536; x_wconf 77' lang='lat' dir='ltr'><em>¹linguae</em></span> <span class='ocrx_word' id='word_1_74' title='bbox 633 1452 799 1516; x_wconf 86' lang='lat' dir='ltr'><em>silentiam</em></span> <span class='ocrx_word' id='word_1_75' title='bbox 828 1463 861 1516; x_wconf 92' lang='lat' dir='ltr'><em>et</em></span> <span class='ocrx_word' id='word_1_76' title='bbox 873 1453 1043 1534; x_wconf 82' lang='lat' dir='ltr'><em>placr’dum</em></span> <span class='ocrx_word' id='word_1_77' title='bbox 1074 1464 1236 1535; x_wconf 87' lang='lat' dir='ltr'><em>aspectum</em></span> <span class='ocrx_word' id='word_1_78' title='bbox 1266 1455 1387 1518; x_wconf 88' lang='lat' dir='ltr'><em>marito</em></span> 
     </span>
     <span class='ocr_line' id='line_1_11' title="bbox 215 1573 1386 1640; baseline -0.001 -1"><span class='ocrx_word' id='word_1_79' title='bbox 215 1574 417 1639; x_wconf 76' lang='lat' dir='ltr'><em>exhibebam.</em></span> <span class='ocrx_word' id='word_1_80' title='bbox 466 1573 677 1638; x_wconf 90' lang='lat' dir='ltr'>Adiectivum</span> <span class='ocrx_word' id='word_1_81' title='bbox 702 1583 736 1638; x_wconf 92' lang='lat' dir='ltr'>et</span> <span class='ocrx_word' id='word_1_82' title='bbox 758 1575 998 1637; x_wconf 90' lang='lat' dir='ltr'><em>substantivum</em></span> <span class='ocrx_word' id='word_1_83' title='bbox 1020 1575 1072 1638; x_wconf 90' lang='lat' dir='ltr'><em>hic</em></span> <span class='ocrx_word' id='word_1_84' title='bbox 1094 1596 1192 1639; x_wconf 87' lang='lat' dir='ltr'><em>unam</em></span> <span class='ocrx_word' id='word_1_85' title='bbox 1216 1575 1386 1640; x_wconf 85' lang='lat' dir='ltr'><em>notionem</em></span> 
     </span>
     <span class='ocr_line' id='line_1_12' title="bbox 220 1695 601 1778; baseline -0.005 -18"><span class='ocrx_word' id='word_1_86' title='bbox 220 1695 348 1760; x_wconf 88' lang='lat' dir='ltr'>efficere</span> <span class='ocrx_word' id='word_1_87' title='bbox 373 1696 478 1778; x_wconf 91' lang='lat' dir='ltr'><em>quivis</em></span> <span class='ocrx_word' id='word_1_88' title='bbox 501 1696 601 1758; x_wconf 91' lang='lat' dir='ltr'>videt.</span> 
     </span>
    </p>

    <p class='ocr_par' dir='ltr' id='par_1_4' title="bbox 257 1816 1385 1901">
     <span class='ocr_line' id='line_1_13' title="bbox 257 1816 1385 1901; baseline 0.004 -23"><span class='ocrx_word' id='word_1_89' title='bbox 257 1833 286 1880; x_wconf 91' lang='lat'><em>2.</em></span> <span class='ocrx_word' id='word_1_90' title='bbox 334 1817 523 1899; x_wconf 89' lang='lat' dir='ltr'>Sequantur</span> <span class='ocrx_word' id='word_1_91' title='bbox 546 1817 610 1880; x_wconf 93' lang='lat' dir='ltr'><em>loci</em></span> <span class='ocrx_word' id='word_1_92' title='bbox 633 1816 689 1879; x_wconf 92' lang='lat' dir='ltr'><em>ubi</em></span> <span class='ocrx_word' id='word_1_93' title='bbox 712 1817 874 1880; x_wconf 91' lang='lat' dir='ltr'>adiectiva</span> <span class='ocrx_word' id='word_1_94' title='bbox 897 1817 949 1881; x_wconf 90' lang='lat' dir='ltr'>vel</span> <span class='ocrx_word' id='word_1_95' title='bbox 971 1817 1142 1901; x_wconf 84' lang='lat' dir='ltr'><em>participia</em></span> <span class='ocrx_word' id='word_1_96' title='bbox 1169 1818 1385 1900; x_wconf 89' lang='lat' dir='ltr'>praedica·</span> 
     </span>
    </p>
   </div>
   <div class='ocr_carea' id='block_1_3' title="bbox 209 1937 1384 2022">
    <p class='ocr_par' dir='ltr' id='par_1_5' title="bbox 209 1937 1384 2022">
     <span class='ocr_line' id='line_1_14' title="bbox 209 1937 1384 2022; baseline -0.003 -19"><span class='ocrx_word' id='word_1_97' title='bbox 209 1940 297 2003; x_wconf 91' lang='lat' dir='ltr'><em>tive</em></span> <span class='ocrx_word' id='word_1_98' title='bbox 328 1938 477 2002; x_wconf 88' lang='lat' dir='ltr'><em>adhibita</em></span> <span class='ocrx_word' id='word_1_99' title='bbox 499 1947 585 2001; x_wconf 91' lang='lat' dir='ltr'><em>sunt.</em></span> <span class='ocrx_word' id='word_1_100' title='bbox 628 1937 736 2022; x_wconf 88' lang='lat' dir='ltr'>Saepe</span> <span class='ocrx_word' id='word_1_101' title='bbox 752 1940 882 2002; x_wconf 84' lang='lat' dir='ltr'>additur</span> <span class='ocrx_word' id='word_1_102' title='bbox 897 1939 1060 2002; x_wconf 71' lang='lat' dir='ltr'><em>articulus</em></span> <span class='ocrx_word' id='word_1_103' title='bbox 1096 1939 1210 2021; x_wconf 85' lang='lat' dir='ltr'><em>Suppl.</em></span> <span class='ocrx_word' id='word_1_104' title='bbox 1229 1940 1290 2019; x_wconf 83' lang='lat'><em>875</em></span> <span class='ocrx_word' id='word_1_105' title='bbox 1310 1959 1384 2021; x_wconf 91' lang='lat' dir='ltr'><strong>sqq.</strong></span> 
     </span>
    </p>
   </div>
   <div class='ocr_carea' id='block_1_4' title="bbox 202 2056 1386 4331">
    <p class='ocr_par' dir='ltr' id='par_1_6' title="bbox 202 2056 1386 4331">
     <span class='ocr_line' id='line_1_15' title="bbox 1210 2056 1386 2123; baseline 0.006 -2"><span class='ocrx_word' id='word_1_106' title='bbox 1210 2081 1284 2123; x_wconf 82' lang='grc' dir='ltr'><em>ονκον</em></span> <span class='ocrx_word' id='word_1_107' title='bbox 1306 2056 1386 2123; x_wconf 72' lang='grc' dir='ltr'><em>ὥστε</em></span> 
     </span>
     <span class='ocr_line' id='line_1_16' title="bbox 210 2176 1386 2267; baseline 0.002 -24"><span class='ocrx_word' id='word_1_108' title='bbox 210 2179 282 2252; x_wconf 79' lang='grc' dir='ltr'><em>τοὺς</em></span> <span class='ocrx_word' id='word_1_109' title='bbox 305 2178 434 2259; x_wconf 77' lang='grc' dir='ltr'><em>τρόπους</em></span> <span class='ocrx_word' id='word_1_110' title='bbox 446 2177 457 2267; x_wconf 74' lang='grc' dir='ltr'>Η</span> <span class='ocrx_word' id='word_1_111' title='bbox 468 2177 593 2251; x_wconf 75' lang='grc' dir='ltr'><em>δούλους</em></span> <span class='ocrx_word' id='word_1_112' title='bbox 608 2188 784 2261; x_wconf 78' lang='grc' dir='ltr'><em>τυροοοχεῖν</em></span> <span class='ocrx_word' id='word_1_113' title='bbox 800 2177 970 2261; x_wconf 70' lang='grc' dir='ltr'><em>χρημάτων</em></span> <span class='ocrx_word' id='word_1_114' title='bbox 985 2177 1126 2262; x_wconf 75' lang='grc' dir='ltr'><em>ζευχθεὶς</em></span> <span class='ocrx_word' id='word_1_115' title='bbox 1140 2176 1197 2244; x_wconf 79' lang='lat' dir='ltr'><em>bno</em></span> <span class='ocrx_word' id='word_1_116' title='bbox 1214 2217 1258 2228; x_wconf 99' lang='lat'>-</span> <span class='ocrx_word' id='word_1_117' title='bbox 1269 2181 1386 2245; x_wconf 70' lang='lat' dir='ltr'><em>amnes</em></span> 
     </span>
     <span class='ocr_line' id='line_1_17' title="bbox 210 2303 1384 2387; baseline 0 -20"><span class='ocrx_word' id='word_1_118' title='bbox 210 2324 330 2367; x_wconf 89' lang='lat' dir='ltr'><em>anrnm</em></span> <span class='ocrx_word' id='word_1_119' title='bbox 360 2313 456 2384; x_wconf 82' lang='lat' dir='ltr'><em>saepe</em></span> <span class='ocrx_word' id='word_1_120' title='bbox 487 2303 694 2385; x_wconf 77' lang='lat' dir='ltr'><em>offlrentibns</em></span> <span class='ocrx_word' id='word_1_121' title='bbox 723 2324 786 2366; x_wconf 90' lang='lat' dir='ltr'><em>non</em></span> <span class='ocrx_word' id='word_1_122' title='bbox 815 2303 934 2384; x_wconf 85' lang='lat' dir='ltr'><em>recepit</em></span> <span class='ocrx_word' id='word_1_123' title='bbox 961 2303 997 2366; x_wconf 90' lang='lat' dir='ltr'><em>in</em></span> <span class='ocrx_word' id='word_1_124' title='bbox 1028 2304 1124 2366; x_wconf 86' lang='lat' dir='ltr'>aedes</span> <span class='ocrx_word' id='word_1_125' title='bbox 1154 2313 1192 2366; x_wconf 89' lang='lat' dir='ltr'><em>nt</em></span> <span class='ocrx_word' id='word_1_126' title='bbox 1215 2303 1384 2387; x_wconf 80' lang='lat' dir='ltr'><em>ingenium</em></span> 
     </span>
     <span class='ocr_line' id='line_1_18' title="bbox 210 2424 1385 2506; baseline -0.001 -18"><span class='ocrx_word' id='word_1_127' title='bbox 210 2446 308 2488; x_wconf 86' lang='lat' dir='ltr'><em>snum</em></span> <span class='ocrx_word' id='word_1_128' title='bbox 329 2425 504 2505; x_wconf 84' lang='lat' dir='ltr'><em>praeberet</em></span> <span class='ocrx_word' id='word_1_129' title='bbox 524 2424 652 2497; x_wconf 87' lang='lat' dir='ltr'><em>servile,</em></span> <span class='ocrx_word' id='word_1_130' title='bbox 676 2425 845 2488; x_wconf 84' lang='lat' dir='ltr'><em>obstrictus</em></span> <span class='ocrx_word' id='word_1_131' title='bbox 859 2424 1010 2506; x_wconf 89' lang='lat' dir='ltr'><em>pecnnia.</em></span> <span class='ocrx_word' id='word_1_132' title='bbox 1058 2425 1281 2488; x_wconf 85' lang='lat' dir='ltr'>Praedicative</span> <span class='ocrx_word' id='word_1_133' title='bbox 1304 2425 1385 2488; x_wconf 89' lang='lat' dir='ltr'><em>acci·</em></span> 
     </span>
     <span class='ocr_line' id='line_1_19' title="bbox 212 2543 1386 2629; baseline 0.003 -22"><span class='ocrx_word' id='word_1_134' title='bbox 212 2546 368 2628; x_wconf 85' lang='lat' dir='ltr'><em>piendum</em></span> <span class='ocrx_word' id='word_1_135' title='bbox 403 2566 475 2608; x_wconf 91' lang='lat' dir='ltr'>esse</span> <span class='ocrx_word' id='word_1_136' title='bbox 515 2546 713 2609; x_wconf 91' lang='lat' dir='ltr'>adiectivum</span> <span class='ocrx_word' id='word_1_137' title='bbox 745 2543 870 2619; x_wconf 76' lang='grc' dir='ltr'><em>δούλους</em></span> <span class='ocrx_word' id='word_1_138' title='bbox 899 2547 1007 2629; x_wconf 88' lang='lat' dir='ltr'><em>arguit</em></span> <span class='ocrx_word' id='word_1_139' title='bbox 1036 2546 1182 2608; x_wconf 90' lang='lat' dir='ltr'><em>additum</em></span> <span class='ocrx_word' id='word_1_140' title='bbox 1213 2546 1386 2610; x_wconf 81' lang='lat' dir='ltr'><em>articulum</em></span> 
     </span>
     <span class='ocr_line' id='line_1_20' title="bbox 212 2640 1382 2749; baseline 0.001 -20"><span class='ocrx_word' id='word_1_141' title='bbox 212 2664 293 2739; x_wconf 77' lang='grc' dir='ltr'><em>τούς.</em></span> <span class='ocrx_word' id='word_1_142' title='bbox 340 2669 421 2730; x_wconf 88' lang='lat' dir='ltr'>Item</span> <span class='ocrx_word' id='word_1_143' title='bbox 445 2640 578 2731; x_wconf 80' lang='lat' dir='ltr'>Electra</span> <span class='ocrx_word' id='word_1_144' title='bbox 602 2668 663 2749; x_wconf 84' lang='lat'><em>363</em></span> <span class='ocrx_word' id='word_1_145' title='bbox 690 2665 768 2732; x_wconf 76' lang='lat' dir='ltr'><em>absos</em></span> <span class='ocrx_word' id='word_1_146' title='bbox 791 2666 829 2731; x_wconf 87' lang='grc' dir='ltr'><em>το’</em></span> <span class='ocrx_word' id='word_1_147' title='bbox 850 2669 883 2744; x_wconf 74' lang='grc' dir='ltr'><em>γ’</em></span> <span class='ocrx_word' id='word_1_148' title='bbox 908 2661 973 2741; x_wconf 77' lang='grc' dir='ltr'><em>ἦθος</em></span> <span class='ocrx_word' id='word_1_149' title='bbox 996 2667 1138 2744; x_wconf 72' lang='grc' dir='ltr'><em>δυσμενὲς</em></span> <span class='ocrx_word' id='word_1_150' title='bbox 1154 2664 1328 2747; x_wconf 74' lang='grc' dir='ltr'><em>τοορέξομου</em></span> <span class='ocrx_word' id='word_1_151' title='bbox 1342 2705 1382 2714; x_wconf 97' lang='grc'><strong>-</strong></span> 
     </span>
     <span class='ocr_line' id='line_1_21' title="bbox 211 2788 1383 2874; baseline 0.003 -23"><span class='ocrx_word' id='word_1_152' title='bbox 211 2788 308 2853; x_wconf 85' lang='lat' dir='ltr'><em>hond</em></span> <span class='ocrx_word' id='word_1_153' title='bbox 320 2798 431 2852; x_wconf 89' lang='lat' dir='ltr'><em>tamen</em></span> <span class='ocrx_word' id='word_1_154' title='bbox 447 2791 595 2852; x_wconf 86' lang='lat' dir='ltr'><em>animam</em></span> <span class='ocrx_word' id='word_1_155' title='bbox 612 2810 719 2853; x_wconf 91' lang='lat' dir='ltr'><em>menm</em></span> <span class='ocrx_word' id='word_1_156' title='bbox 735 2789 888 2854; x_wconf 78' lang='lat' dir='ltr'><em>exhibebo</em></span> <span class='ocrx_word' id='word_1_157' title='bbox 902 2791 1100 2874; x_wconf 84' lang='lat' dir='ltr'><em>degenerem.</em></span> <span class='ocrx_word' id='word_1_158' title='bbox 1136 2789 1257 2851; x_wconf 88' lang='lat' dir='ltr'>Troad.</span> <span class='ocrx_word' id='word_1_159' title='bbox 1276 2791 1317 2851; x_wconf 87' lang='lat'><em>82</em></span> <span class='ocrx_word' id='word_1_160' title='bbox 1333 2809 1383 2871; x_wconf 90' lang='lat' dir='ltr'><em>sq.</em></span> 
     </span>
     <span class='ocr_line' id='line_1_22' title="bbox 211 2903 1383 2998; baseline 0.001 -26"><span class='ocrx_word' id='word_1_161' title='bbox 211 2908 248 2973; x_wconf 85' lang='grc' dir='ltr'><em>σὺ</em></span> <span class='ocrx_word' id='word_1_162' title='bbox 273 2908 300 2972; x_wconf 81' lang='grc' dir='ltr'><em>δ’</em></span> <span class='ocrx_word' id='word_1_163' title='bbox 325 2903 364 2973; x_wconf 82' lang='lat' dir='ltr'><em>ab</em></span> <span class='ocrx_word' id='word_1_164' title='bbox 387 2909 422 2973; x_wconf 79' lang='grc' dir='ltr'><em>τὸ</em></span> <span class='ocrx_word' id='word_1_165' title='bbox 447 2910 495 2972; x_wconf 83' lang='grc' dir='ltr'><em>σὸν</em></span> <span class='ocrx_word' id='word_1_166' title='bbox 521 2906 686 2991; x_wconf 78' lang='grc' dir='ltr'><em>τοοροὶοχες</em></span> <span class='ocrx_word' id='word_1_167' title='bbox 709 2907 837 2987; x_wconf 70' lang='grc' dir='ltr'><em>Αἴγαιον</em></span> <span class='ocrx_word' id='word_1_168' title='bbox 853 2908 1143 2998; x_wconf 72' lang='grc' dir='ltr'><em>τόρονΗτρνκυμίοονς</em></span> <span class='ocrx_word' id='word_1_169' title='bbox 1158 2908 1314 2990; x_wconf 83' lang='grc' dir='ltr'><em>βρέμοντοι</em></span> <span class='ocrx_word' id='word_1_170' title='bbox 1329 2908 1383 2973; x_wconf 77' lang='grc' dir='ltr'><em>κυνὶ</em></span> 
     </span>
     <span class='ocr_line' id='line_1_23' title="bbox 211 3029 1385 3117; baseline 0.001 -23"><span class='ocrx_word' id='word_1_171' title='bbox 211 3029 306 3102; x_wconf 71' lang='lat' dir='ltr'><em>binare</em></span> <span class='ocrx_word' id='word_1_172' title='bbox 328 3030 403 3103; x_wconf 68' lang='lat' dir='ltr'><em>habe</em></span> <span class='ocrx_word' id='word_1_173' title='bbox 418 3069 462 3079; x_wconf 92' lang='lat'>-</span> <span class='ocrx_word' id='word_1_174' title='bbox 478 3043 512 3095; x_wconf 91' lang='lat' dir='ltr'><em>tu</em></span> <span class='ocrx_word' id='word_1_175' title='bbox 537 3043 646 3095; x_wconf 90' lang='lat' dir='ltr'><em>antem</em></span> <span class='ocrx_word' id='word_1_176' title='bbox 666 3033 782 3096; x_wconf 78' lang='lat' dir='ltr'><em>exhibe</em></span> <span class='ocrx_word' id='word_1_177' title='bbox 797 3044 889 3096; x_wconf 89' lang='lat' dir='ltr'><em>tnnm</em></span> <span class='ocrx_word' id='word_1_178' title='bbox 904 3035 1071 3117; x_wconf 84' lang='lat' dir='ltr'><em>Aegaeum</em></span> <span class='ocrx_word' id='word_1_179' title='bbox 1078 3035 1209 3114; x_wconf 85' lang='lat' dir='ltr'><em>fretum</em></span> <span class='ocrx_word' id='word_1_180' title='bbox 1219 3033 1385 3115; x_wconf 80' lang='lat' dir='ltr'><em>gravibus</em></span> 
     </span>
     <span class='ocr_line' id='line_1_24' title="bbox 203 3152 1384 3236; baseline 0 -20"><span class='ocrx_word' id='word_1_181' title='bbox 203 3154 356 3235; x_wconf 86' lang='lat' dir='ltr'><em>procellis</em></span> <span class='ocrx_word' id='word_1_182' title='bbox 386 3164 418 3216; x_wconf 88' lang='lat' dir='ltr'><em>et</em></span> <span class='ocrx_word' id='word_1_183' title='bbox 444 3154 527 3216; x_wconf 90' lang='lat' dir='ltr'><em>salis</em></span> <span class='ocrx_word' id='word_1_184' title='bbox 549 3154 722 3218; x_wconf 77' lang='lat' dir='ltr'><em>verteeibns</em></span> <span class='ocrx_word' id='word_1_185' title='bbox 735 3157 895 3236; x_wconf 89' lang='lat' dir='ltr'><em>fremens.</em></span> <span class='ocrx_word' id='word_1_186' title='bbox 942 3152 1090 3235; x_wconf 81' lang='grc' dir='ltr'><em>τοορὲχενν</em></span> <span class='ocrx_word' id='word_1_187' title='bbox 1114 3152 1201 3235; x_wconf 78' lang='grc' dir='ltr'><em>τόρον</em></span> <span class='ocrx_word' id='word_1_188' title='bbox 1226 3152 1384 3234; x_wconf 68' lang='grc' dir='ltr'><em>βρέμοντα</em></span> 
     </span>
     <span class='ocr_line' id='line_1_25' title="bbox 211 3273 1384 3357; baseline 0 -20"><span class='ocrx_word' id='word_1_189' title='bbox 211 3284 277 3338; x_wconf 89' lang='lat' dir='ltr'><em>est:</em></span> <span class='ocrx_word' id='word_1_190' title='bbox 303 3275 375 3349; x_wconf 90' lang='lat' dir='ltr'><em>„ita</em></span> <span class='ocrx_word' id='word_1_191' title='bbox 398 3274 551 3338; x_wconf 90' lang='lat' dir='ltr'><em>exhibere</em></span> <span class='ocrx_word' id='word_1_192' title='bbox 563 3276 694 3356; x_wconf 89' lang='lat' dir='ltr'><em>sretnm</em></span> <span class='ocrx_word' id='word_1_193' title='bbox 717 3285 754 3339; x_wconf 90' lang='lat' dir='ltr'><em>nt</em></span> <span class='ocrx_word' id='word_1_194' title='bbox 765 3277 927 3356; x_wconf 86' lang='lat' dir='ltr'><em>fremat.’&#39;</em></span> <span class='ocrx_word' id='word_1_195' title='bbox 975 3277 1095 3339; x_wconf 90' lang='lat' dir='ltr'>Medea</span> <span class='ocrx_word' id='word_1_196' title='bbox 1118 3276 1180 3356; x_wconf 84' lang='lat'><em>387</em></span> <span class='ocrx_word' id='word_1_197' title='bbox 1197 3296 1247 3357; x_wconf 90' lang='lat' dir='ltr'><em>sq.</em></span> <span class='ocrx_word' id='word_1_198' title='bbox 1263 3273 1310 3346; x_wconf 76' lang='grc' dir='ltr'><em>τίς</em></span> <span class='ocrx_word' id='word_1_199' title='bbox 1325 3281 1384 3351; x_wconf 77' lang='grc' dir='ltr'><em>γῆν</em></span> 
     </span>
     <span class='ocr_line' id='line_1_26' title="bbox 213 3394 1384 3484; baseline 0.001 -25"><span class='ocrx_word' id='word_1_200' title='bbox 213 3394 326 3460; x_wconf 71' lang='grc' dir='ltr'><em>ἄσυλον</em></span> <span class='ocrx_word' id='word_1_201' title='bbox 360 3395 413 3460; x_wconf 71' lang='lat' dir='ltr'><em>xxi</em></span> <span class='ocrx_word' id='word_1_202' title='bbox 452 3395 562 3473; x_wconf 78' lang='grc' dir='ltr'><em>δόμους</em></span> <span class='ocrx_word' id='word_1_203' title='bbox 593 3394 885 3484; x_wconf 67' lang='grc' dir='ltr'><em>ἐχεμχύουςΗξένος</em></span> <span class='ocrx_word' id='word_1_204' title='bbox 915 3397 1089 3478; x_wconf 79' lang='grc' dir='ltr'><em>τοοροοοχὼυ</em></span> <span class='ocrx_word' id='word_1_205' title='bbox 1119 3394 1242 3478; x_wconf 77' lang='grc' dir='ltr'><em>ῥύσεται</em></span> <span class='ocrx_word' id='word_1_206' title='bbox 1272 3395 1384 3474; x_wconf 80' lang='grc' dir='ltr'><em>τούμὸν</em></span> 
     </span>
     <span class='ocr_line' id='line_1_27' title="bbox 211 3517 1384 3604; baseline 0.002 -23"><span class='ocrx_word' id='word_1_207' title='bbox 211 3517 327 3596; x_wconf 49' lang='lat' dir='ltr'><em>binam</em></span> <span class='ocrx_word' id='word_1_208' title='bbox 353 3557 392 3564; x_wconf 97' lang='lat'>—</span> <span class='ocrx_word' id='word_1_209' title='bbox 418 3521 492 3602; x_wconf 87' lang='lat' dir='ltr'><em>quis</em></span> <span class='ocrx_word' id='word_1_210' title='bbox 526 3530 649 3582; x_wconf 88' lang='lat' dir='ltr'><em>terram</em></span> <span class='ocrx_word' id='word_1_211' title='bbox 679 3520 859 3582; x_wconf 88' lang='lat' dir='ltr'><em>tntatrioem</em></span> <span class='ocrx_word' id='word_1_212' title='bbox 891 3530 923 3583; x_wconf 89' lang='lat' dir='ltr'><em>et</em></span> <span class='ocrx_word' id='word_1_213' title='bbox 944 3521 1074 3583; x_wconf 88' lang='lat' dir='ltr'><em>domum</em></span> <span class='ocrx_word' id='word_1_214' title='bbox 1090 3520 1203 3604; x_wconf 83' lang='lat' dir='ltr'><em>fidam</em></span> <span class='ocrx_word' id='word_1_215' title='bbox 1222 3519 1384 3601; x_wconf 81' lang='lat' dir='ltr'><em>praebens</em></span> 
     </span>
     <span class='ocr_line' id='line_1_28' title="bbox 210 3638 1384 3723; baseline 0.002 -19"><span class='ocrx_word' id='word_1_216' title='bbox 210 3642 325 3722; x_wconf 82' lang='lat' dir='ltr'><em>hospes</em></span> <span class='ocrx_word' id='word_1_217' title='bbox 358 3641 505 3704; x_wconf 80' lang='lat' dir='ltr'><em>servabit</em></span> <span class='ocrx_word' id='word_1_218' title='bbox 540 3663 647 3704; x_wconf 89' lang='lat' dir='ltr'><em>menm</em></span> <span class='ocrx_word' id='word_1_219' title='bbox 681 3642 817 3723; x_wconf 66' lang='lat' dir='ltr'><em>corpus)</em></span> <span class='ocrx_word' id='word_1_220' title='bbox 851 3639 1000 3722; x_wconf 78' lang='grc' dir='ltr'><em>τοιρέχενν</em></span> <span class='ocrx_word' id='word_1_221' title='bbox 1033 3638 1145 3704; x_wconf 75' lang='grc' dir='ltr'><em>ἄσυλον</em></span> <span class='ocrx_word' id='word_1_222' title='bbox 1179 3649 1237 3718; x_wconf 65' lang='grc' dir='ltr'><em>γῆν</em></span> <span class='ocrx_word' id='word_1_223' title='bbox 1268 3642 1384 3707; x_wconf 87' lang='lat' dir='ltr'><em>-ita</em></span> 
     </span>
     <span class='ocr_line' id='line_1_29' title="bbox 202 3762 1383 3845; baseline 0.002 -20"><span class='ocrx_word' id='word_1_224' title='bbox 202 3765 362 3845; x_wconf 86' lang='lat' dir='ltr'><em>praebere</em></span> <span class='ocrx_word' id='word_1_225' title='bbox 394 3773 516 3826; x_wconf 90' lang='lat' dir='ltr'><em>terram</em></span> <span class='ocrx_word' id='word_1_226' title='bbox 548 3775 585 3826; x_wconf 92' lang='lat' dir='ltr'><em>nt</em></span> <span class='ocrx_word' id='word_1_227' title='bbox 614 3774 684 3826; x_wconf 90' lang='lat' dir='ltr'><em>tnta</em></span> <span class='ocrx_word' id='word_1_228' title='bbox 706 3766 759 3826; x_wconf 87' lang='lat' dir='ltr'><em>sit.</em></span> <span class='ocrx_word' id='word_1_229' title='bbox 807 3762 902 3844; x_wconf 83' lang='lat' dir='ltr'>Quae</span> <span class='ocrx_word' id='word_1_230' title='bbox 928 3765 1057 3827; x_wconf 90' lang='lat' dir='ltr'>dicendi</span> <span class='ocrx_word' id='word_1_231' title='bbox 1080 3764 1164 3826; x_wconf 89' lang='lat' dir='ltr'><em>ratio</em></span> <span class='ocrx_word' id='word_1_232' title='bbox 1187 3763 1383 3827; x_wconf 91' lang='lat' dir='ltr'>luculentius</span> 
     </span>
     <span class='ocr_line' id='line_1_30' title="bbox 211 3882 1383 3968; baseline 0 -20"><span class='ocrx_word' id='word_1_233' title='bbox 211 3885 350 3949; x_wconf 86' lang='lat' dir='ltr'><em>fortasse</em></span> <span class='ocrx_word' id='word_1_234' title='bbox 373 3885 546 3967; x_wconf 85' lang='lat' dir='ltr'><em>apparebit</em></span> <span class='ocrx_word' id='word_1_235' title='bbox 571 3886 716 3968; x_wconf 89' lang='lat' dir='ltr'><em>Supplic.</em></span> <span class='ocrx_word' id='word_1_236' title='bbox 743 3886 805 3966; x_wconf 87' lang='lat'><em>887</em></span> <span class='ocrx_word' id='word_1_237' title='bbox 824 3882 913 3948; x_wconf 77' lang='grc' dir='ltr'><em>πόλει</em></span> <span class='ocrx_word' id='word_1_238' title='bbox 929 3891 1106 3965; x_wconf 82' lang='grc' dir='ltr'><em>τοοροοσχεῖν</em></span> <span class='ocrx_word' id='word_1_239' title='bbox 1122 3890 1214 3962; x_wconf 71' lang='grc' dir='ltr'><em>σῶμα</em></span> <span class='ocrx_word' id='word_1_240' title='bbox 1230 3884 1383 3965; x_wconf 77' lang='grc' dir='ltr'><em>χρήσιμον</em></span> 
     </span>
     <span class='ocr_line' id='line_1_31' title="bbox 211 4006 1384 4090; baseline 0.001 -20"><span class='ocrx_word' id='word_1_241' title='bbox 211 4006 301 4071; x_wconf 80' lang='grc' dir='ltr'><em>θέλων</em></span> <span class='ocrx_word' id='word_1_242' title='bbox 326 4043 364 4052; x_wconf 88' lang='lat'><em>-</em></span> <span class='ocrx_word' id='word_1_243' title='bbox 391 4006 583 4087; x_wconf 82' lang='lat' dir='ltr'><em>reipublicae</em></span> <span class='ocrx_word' id='word_1_244' title='bbox 605 4007 684 4069; x_wconf 82' lang='lat' dir='ltr'><em>atila</em></span> <span class='ocrx_word' id='word_1_245' title='bbox 707 4009 828 4088; x_wconf 81' lang='lat' dir='ltr'><em>afferre</em></span> <span class='ocrx_word' id='word_1_246' title='bbox 851 4008 962 4070; x_wconf 86' lang='lat' dir='ltr'><em>volens</em></span> <span class='ocrx_word' id='word_1_247' title='bbox 985 4018 1098 4089; x_wconf 88' lang='lat' dir='ltr'><em>corpus</em></span> <span class='ocrx_word' id='word_1_248' title='bbox 1113 4008 1133 4069; x_wconf 89' lang='lat' dir='ltr'><em>i.</em></span> <span class='ocrx_word' id='word_1_249' title='bbox 1151 4028 1179 4071; x_wconf 83' lang='lat' dir='ltr'>e.</span> <span class='ocrx_word' id='word_1_250' title='bbox 1196 4009 1244 4070; x_wconf 86' lang='lat' dir='ltr'><em>ita</em></span> <span class='ocrx_word' id='word_1_251' title='bbox 1259 4010 1384 4090; x_wconf 87' lang='lat' dir='ltr'><em>afferre</em></span> 
     </span>
     <span class='ocr_line' id='line_1_32' title="bbox 208 4130 1383 4212; baseline -0.002 -19"><span class='ocrx_word' id='word_1_252' title='bbox 208 4142 331 4211; x_wconf 85' lang='lat' dir='ltr'><em>corpus,</em></span> <span class='ocrx_word' id='word_1_253' title='bbox 356 4140 393 4192; x_wconf 88' lang='lat' dir='ltr'><em>nt</em></span> <span class='ocrx_word' id='word_1_254' title='bbox 415 4130 554 4192; x_wconf 85' lang='lat' dir='ltr'><em>utilitati</em></span> <span class='ocrx_word' id='word_1_255' title='bbox 574 4130 619 4193; x_wconf 90' lang='lat' dir='ltr'><em>sit</em></span> <span class='ocrx_word' id='word_1_256' title='bbox 631 4131 833 4212; x_wconf 79' lang='lat' dir='ltr'><em>reipublicae.</em></span> <span class='ocrx_word' id='word_1_257' title='bbox 880 4130 1034 4212; x_wconf 90' lang='lat' dir='ltr'>Denique</span> <span class='ocrx_word' id='word_1_258' title='bbox 1050 4138 1086 4192; x_wconf 94' lang='lat' dir='ltr'><em>ut</em></span> <span class='ocrx_word' id='word_1_259' title='bbox 1102 4131 1211 4192; x_wconf 88' lang='lat' dir='ltr'><em>omnia</em></span> <span class='ocrx_word' id='word_1_260' title='bbox 1227 4130 1383 4210; x_wconf 86' lang='lat' dir='ltr'>exempla</span> 
     </span>
     <span class='ocr_line' id='line_1_33' title="bbox 209 4245 1384 4331; baseline -0.001 -17"><span class='ocrx_word' id='word_1_261' title='bbox 209 4252 304 4314; x_wconf 87' lang='lat' dir='ltr'><em>huius</em></span> <span class='ocrx_word' id='word_1_262' title='bbox 329 4272 404 4314; x_wconf 92' lang='lat' dir='ltr'><em>usus</em></span> <span class='ocrx_word' id='word_1_263' title='bbox 429 4250 641 4327; x_wconf 86' lang='lat' dir='ltr'><em>attulerimus,</em></span> <span class='ocrx_word' id='word_1_264' title='bbox 666 4252 805 4314; x_wconf 86' lang='lat' dir='ltr'>addatur</span> <span class='ocrx_word' id='word_1_265' title='bbox 827 4251 919 4314; x_wconf 91' lang='lat' dir='ltr'><em>locus</em></span> <span class='ocrx_word' id='word_1_266' title='bbox 942 4251 1102 4314; x_wconf 88' lang='lat' dir='ltr'><em>Androm.</em></span> <span class='ocrx_word' id='word_1_267' title='bbox 1128 4264 1170 4330; x_wconf 85' lang='lat'><em>54</em></span> <span class='ocrx_word' id='word_1_268' title='bbox 1193 4270 1241 4331; x_wconf 88' lang='lat' dir='ltr'><em>sq.</em></span> <span class='ocrx_word' id='word_1_269' title='bbox 1266 4245 1295 4311; x_wconf 78' lang='grc' dir='ltr'><em>εἴ</em></span> <span class='ocrx_word' id='word_1_270' title='bbox 1316 4255 1384 4321; x_wconf 80' lang='grc' dir='ltr'><em>τωο</em></span> 
     </span>
    </p>
   </div>
   <div class='ocr_carea' id='block_1_5' title="bbox 0 0 1524 4808">
    <p class='ocr_par' dir='ltr' id='par_1_7' title="bbox 0 0 1524 4808">
     <span class='ocr_line' id='line_1_34' title="bbox 0 0 1524 4808; baseline 0 0"><span class='ocrx_word' id='word_1_271' title='bbox 0 0 1524 4808; x_wconf 95' lang='lat' dir='ltr'><em> </em></span> 
     </span>
    </p>
   </div>
  </div>
 </body>
</html>
