3038 4808
692 299 841 374 σοορεῖνοον.
1336 312 1352 378 5

174 483 418 568 praepositione
448 482 489 552 εἰς
518 482 725 566 coniungitur
756 492 806 546 est
836 485 868 545 in
901 481 1029 557 Oreste,
1062 504 1110 546 vs.
1144 501 1226 564 1313
1258 479 1355 568 sq.d

175 603 333 687 Φίλσοοσοον
355 611 507 681 nunninae,
530 604 560 675 ἐς
576 601 669 680 μέσον
685 601 774 684 φόνον
785 601 796 692 ll
808 600 855 677 ἥδ’
872 602 1011 684 Ἑρμιόνη
1028 602 1167 684 σοέοεσσν·
1186 603 1354 684 παύσωμεν

175 725 250 805 βοήν
284 761 322 772 -
356 726 588 789 ocarrssz‘mae
610 725 773 801 mulieres,
797 726 833 789 iu
855 727 999 789 mediam
1021 728 1150 790 caedem
1174 727 1355 792 Hermione

174 849 228 913 lu'c
249 848 385 912 accidit:
407 869 565 912 cessemus
580 869 602 910 a
617 848 764 910 clamore,
811 847 926 910 Verba
942 846 971 918 ἐς
987 845 1078 924 μέσον
1095 845 1185 928 φόνον
1201 857 1355 930 suspecta

175 973 327 1034 videntur
357 969 544 1032 Wecklinio
568 969 756 1032 adnotanti:
786 970 891 1050 „farn
916 967 1009 1045 βολον
1032 971 1091 1051 cfr.
1116 970 1265 1033 Bacclme
1289 970 1352 1048 848

174 1093 304 1156 Rhesus
328 1093 424 1174 730.'’
450 1090 704 1174 Supervacanea
728 1100 840 1155 autern
864 1102 914 1155 est
937 1094 1061 1157 mentio
1084 1095 1137 1156 σοῦ
1153 1090 1260 1169 βόλον,
1276 1095 1354 1176 quia

174 1216 284 1277 statim
313 1223 392 1297 post
421 1215 479 1296 (vs,
516 1215 611 1296 1315)
642 1213 780 1295 legitur:
805 1212 924 1292 στείχει
948 1211 1007 1295 γὰρ
1031 1213 1203 1278 ἕσσεσοῦσοο
1228 1212 1354 1278 δικτύων

175 1332 309 1415 βρόχους
335 1372 380 1382 -
409 1335 500 1398 venit
524 1336 610 1398 em'm
633 1315 777 1397 incedens
799 1335 834 1397 r'n
856 1336 975 1399 renum
998 1337 1141 1420 laqueos.
1188 1338 1285 1400 Hanc
1309 1336 1353 1399 ob

172 1477 306 1520 causam
329 1457 518 1520 coniectura
533 1456 707 1518 Wecklinii
723 1456 802 1519 mihi
819 1467 885 1521 non
902 1457 1023 1540 placet.
1069 1459 1185 1522 Lectio
1201 1460 1353 1523 codicum

173 1579 343 1640 retinenda
366 1578 444 1640 mihi
469 1579 615 1654 videtur;
636 1596 714 1640 nam
731 1577 863 1641 Electra
877 1587 972 1661 putat
988 1581 1127 1642 caedem
1145 1579 1224 1655 fieri,
1240 1601 1354 1662 quarn·

174 1719 276 1782 quam
300 1720 367 1762 non
391 1699 427 1762 fit
451 1700 537 1789 (vide
561 1700 798 1782 praecedentes
817 1702 952 1783 versus).
1000 1702 1080 1764 Ideo
1096 1701 1228 1763 Electra
1243 1700 1353 1763 mulie·

177 1841 229 1884 res
261 1821 406 1905 Argivas
428 1830 538 1884 tacere
570 1821 672 1894 iubet,
703 1823 802 1902 quod,
835 1830 870 1884 ut
893 1824 964 1904 ipsa
987 1824 1120 1905 quidem
1144 1832 1248 1904 putat,
1272 1823 1354 1885 Her-

173 1943 307 2006 mionen
331 1944 364 2004 in
387 1943 530 2006 mediam
553 1923 690 2005 caedern
713 1943 847 2007 incidat.¹

217 2063 302 2127 Cum
333 2065 577 2155 praepositione
609 2063 660 2127 ἐπὶ
688 2064 825 2129 verbum
849 2070 987 2145 σοορεῖνοον
1011 2066 1197 2128 invenimus
1220 2065 1353 2128 Electra

172 2187 256 2266 641:
282 2184 434 2266 σοὶρεσσοον
457 2185 513 2249 δ’ἑν
537 2183 634 2266 σοὶχεν
659 2185 748 2259 θοίνην
771 2182 822 2249 ἔσο
846 2223 889 2235 -
911 2209 990 2250 mou
1010 2188 1121 2251 aderit
1141 2189 1191 2250 ad
1208 2208 1350 2252 coenam.

172 2308 255 2372 Cum
285 2309 529 2391 praepositione
559 2305 643 2370 dno':
675 2305 822 2390 Supplic.
853 2324 920 2386 410
950 2328 1006 2391 sq:
1033 2306 1123 2377 πόλις
1145 2307 1206 2387 γὰρ
1231 2303 1264 2381 ἧς
1289 2307 1349 2384 ἐγὼ

172 2426 298 2509 πάρειμ’
327 2426 487 2517 ἴοσοΗὲνὸς
517 2427 592 2509 πρός
622 2427 738 2508 ἀνδρὸς,
771 2430 822 2492 οὐκ
845 2427 931 2509 ὄχλῳ
954 2428 1137 2509 κοοοσύνετοον
1163 2465 1201 2474 -
1228 2430 1307 2493 urbs
1329 2451 1352 2492 a

171 2573 240 2634 qua
273 2553 396 2616 adveni
422 2552 465 2615 ab
494 2574 557 2615 uno
586 2553 668 2625 vira,
700 2573 764 2614 non
794 2573 816 2614 a
846 2552 1054 2614 multitudine
1083 2553 1219 2634 regr'tur.
1266 2550 1350 2614 Cum

170 2674 417 2755 praepositione
441 2670 493 2747 ἐξε
517 2672 668 2736 Bacchae
690 2672 755 2752 657
780 2693 828 2754 sq.
852 2671 945 2736 κείνου
967 2671 1129 2744 δὀἒκούσοος
1153 2679 1261 2754 πρῶτον
1279 2673 1351 2745 τοὺς

171 2792 283 2871 λόγους
309 2787 452 2883 udlall‘dc
475 2792 510 2869 ἐξ
533 2791 613 2874 ὄρους
636 2790 781 2872 σοὶρεσσον
805 2794 951 2868 durande
976 2792 1009 2856 τί
1031 2816 1083 2858 σον·
1107 2832 1150 2841 -
1173 2796 1235 2858 sed
1254 2796 1352 2860 istius

170 2937 334 2980 sermones
364 2918 504 2981 audiens
523 2917 674 2998 primum
696 2917 783 2996 disce
807 2916 891 2997 quid
910 2917 1122 2980 nuntiaturus
1143 2917 1190 2980 sit
1210 2916 1272 2980 tibi
1294 2916 1354 2998 qui

170 3058 214 3102 eu
242 3049 349 3102 monte
378 3039 479 3102 adest.
510 3075 554 3084 -
586 3038 650 3100 Hic
680 3057 758 3099 usus
789 3038 878 3119 apud
909 3037 991 3100 alios
1023 3058 1165 3121 quoque,
1190 3039 1350 3120 imprimis

170 3160 260 3242 apud
283 3160 550 3242 Xenophontem,
575 3160 748 3221 invenitur.

219 3297 248 3361 3.
283 3281 458 3364 Euripides
471 3281 579 3344 locum
591 3301 657 3363 quo
670 3281 742 3362 quis
754 3280 923 3342 advenerit
935 3301 1001 3343 non
1013 3281 1120 3343 solum
1133 3302 1198 3362 ope
1213 3302 1352 3364 praepo-

170 3402 327 3465 sitionum
345 3403 477 3476 indicat,
494 3403 667 3465 sedetiam
695 3423 787 3464 curn
811 3402 905 3464 solo
929 3403 1183 3470 accusativo
1210 3404 1349 3466 verbum

172 3529 311 3603 σορεῖνοοι
334 3526 514 3607 coniungit,
538 3533 574 3587 ut
597 3524 661 3588 alia
678 3525 778 3588 verba
795 3527 895 3587 eundi
911 3534 944 3587 et
961 3525 1127 3587 movendi.
1152 3525 1301 3589 Bacchae
1321 3543 1348 3589 1.

169 3640 232 3718 ἥκω
257 3644 329 3719 Διὸς
353 3651 428 3717 σοῖς
450 3645 542 3721 τήνδε
564 3645 703 3724 Θνβοοίαν
728 3645 824 3725 χθόνοο
849 3685 889 3695 -
911 3649 988 3712 veni
1001 3648 1036 3711 in
1051 3648 1138 3711 leam
1159 3649 1349 3712 Thebanam

169 3776 295 3832 terram
309 3769 409 3853 filius
431 3770 529 3832 Ioms.
554 3770 676 3832 Medea
699 3769 721 3831 6
744 3790 792 3851 sq.
810 3770 841 3832 οὐ
858 3766 918 3848 γὰρ
934 3766 971 3832 ἂν
988 3766 1118 3832 δέσσονν
1133 3765 1349 3856 ἑμὴΗΜήδενοο

168 3897 230 3967 γῆς
252 3886 378 3953 ἔσλεοσ’
399 3889 536 3964 'lunulas
559 3929 603 3939 -
625 3914 688 3955 nen
703 3892 790 3954 em'm
807 3892 940 3955 demina
956 3913 1030 3955 mea
1045 3892 1167 3955 Medea
1183 3893 1232 3955 ad
1243 3901 1351 3955 turres

169 4012 249 4095 agri
276 4013 468 4095 nenegasse
495 4014 582 4077 Iolci.
628 4014 758 4076 Eodem
790 4015 891 4077 modo
920 4018 1057 4094 σοοοεῖνοον
1081 4013 1216 4077 adhibet
1239 4025 1351 4077 noster

168 4133 319 4197 Bacchae
346 4147 381 4213 5:
406 4131 532 4215 ndparur
555 4133 665 4215 Alpem
686 4131 804 4212 uduur'
829 4135 967 4212 Ἰσμηνοῦ
992 4133 1089 4216 θ’ῧδορ
1112 4172 1156 4181 -
1170 4135 1289 4198 adsum
1304 4135 1354 4198 ad

169 4257 275 4320 fontes
305 4256 423 4320 Dirces
452 4268 485 4322 et
513 4258 638 4321 Ismeni
666 4279 800 4340 aquam.
848 4258 978 4320 Electra
1011 4259 1093 4337 1278
1126 4277 1198 4339 sqq.
1231 4253 1349 4336 μνσὲροο
