3038 4808
169 384 212 448 86
359 379 635 464 παρακόπτειν-
659 383 897 464 παραπλήππειν
920 422 962 432 -
985 391 1154 466 παρανοεῖν.

213 568 246 634 b.
292 568 509 645 fraudare,
549 569 752 653 decipere
790 570 994 653 aliquem;
1032 574 1122 655 apud
1151 572 1344 657 Aristopha-

168 710 245 753 nem
269 710 371 772 saepe
390 691 501 755 media
517 689 624 755 forma
639 689 702 754 hoc
717 711 815 755 sensu
831 694 1005 775 reperitur:
1022 693 1160 777 Equites
1176 694 1251 776 807,
1269 695 1344 776 859.

212 951 241 1000 o.
289 935 410 999 deinde
441 935 490 998 de
521 935 702 999 nummis
731 935 994 1000 adulterinis
1020 936 1210 1015 adhibetur;
1245 936 1344 1021 plane

169 1057 316 1119 diversus
346 1056 399 1119 hic
431 1077 509 1119 usus
540 1065 608 1133 est;
640 1077 707 1119 non
737 1056 802 1121 iam
829 1056 962 1140 aliquid,
993 1057 1084 1140 quod
1113 1057 1241 1121 bonum
1265 1068 1343 1137 erat,

168 1179 342 1261 depravari
377 1177 505 1253 dicitur,
539 1178 598 1241 sed
636 1178 709 1260 ipsa
737 1179 867 1242 actione
896 1181 950 1242 ποῦ
980 1174 1191 1258 παρακόπτειν
1222 1178 1344 1262 aliquid

169 1301 322 1374 nascitur,
346 1299 470 1362 malum
496 1298 629 1363 scilicet.
654 1298 794 1383 Semper
815 1300 883 1364 fere
906 1299 1129 1382 metaphorice
1150 1300 1234 1365 haec
1254 1303 1344 1364 notio

169 1423 317 1496 occurrit,
349 1423 485 1487 Lucian.
518 1423 645 1486 advers.
677 1423 799 1486 indoct.
830 1443 858 1486 c.
893 1437 923 1487 2.
953 1419 1093 1499 κίβδηλα
1123 1420 1176 1486 καὶ
1200 1419 1272 1486 νόθοι
1294 1421 1344 1487 καὶ

171 1541 444 1624 παρακεκομμένα.

216 1736 465 1818 παραπλήππειν.

214 1910 334 1974 Activa
363 1910 467 1973 forma
498 1909 589 1973 verbi
621 1907 857 1988 reuponticum
885 1909 975 1992 apud
997 1909 1196 1973 recentiores
1218 1917 1346 1973 tanturn

170 2052 340 2095 occurrere
375 2033 521 2095 videtur:
558 2031 705 2097 Philostr.
740 2031 868 2116 Imagg.
903 2051 935 2113 p.
967 2045 1042 2113 779.
1078 2049 1128 2110 14,
1159 2032 1202 2095 de
1225 2051 1270 2094 eo
1293 2031 1346 2113 qui

168 2174 394 2236 perperam
427 2154 586 2218 citharam
617 2153 742 2239 pulsat:
773 2161 813 2234 πῇ
845 2151 931 2237 δεξίρ
961 2152 995 2217 δὲ
1027 2152 1263 2234 παραπλήπποιν
1288 2151 1347 2226 τοῖς

170 2273 274 2354 νεκροῖς
303 2272 432 2354 ψάλλει.
465 2276 546 2338 Inde
577 2276 744 2358 passivum
777 2284 951 2359 usurpatur
980 2275 1022 2339 de
1051 2275 1240 2339 hominibus
1263 2273 1347 2338 male

171 2396 329 2481 perculsis
351 2398 371 2459 i.
386 2417 414 2459 e.
442 2396 625 2472 malesanis,
642 2396 810 2479 Aristoph.
828 2397 962 2480 Lysistr.
980 2398 1055 2477 831.
1072 2395 1182 2479 Apud
1198 2405 1346 2460 nostrum

171 2517 274 2583 semel
305 2517 423 2602 legitur
452 2518 495 2581 de
525 2519 589 2581 risu
621 2517 719 2581 Herc.
748 2519 824 2582 Fur.
855 2534 918 2600 935
952 2515 1040 2594 ἔλεξε
1071 2517 1098 2581 δ’
1129 2512 1202 2595 ἅμα
1232 2517 1347 2595 γέλωτι

175 2639 473 2721 παραπεπληγμένῳ
495 2640 642 2704 —dixit
669 2651 778 2704 autem
803 2662 874 2705 cum
897 2642 968 2706 risu
991 2642 1101 2705 deliro.
1150 2642 1275 2704 Notatu
1302 2643 1348 2705 di·

80 2776 87 2784 ·
171 2783 274 2845 gnum
292 2770 342 2825 est
358 2762 596 2841 παρκπλήππειν
611 2783 677 2826 non
693 2783 860 2826 occurrere
876 2763 1060 2846 praeditum
1075 2783 1171 2826 sensu
1186 2761 1346 2826 delirandi

172 2904 239 2966 quo
263 2904 363 2966 saepe
388 2883 586 2947 adhibentur
608 2884 710 2948 verba
734 2882 945 2964 παρακόπτειν
968 2894 1003 2948 et
1026 2881 1223 2963 παραπαίειν.

219 3083 387 3156 παρανοεῖν.

218 3247 365 3310 Tertium
396 3248 531 3310 verbum
563 3248 597 3309 in
627 3268 695 3328 quo
725 3249 813 3329 apud
840 3247 1031 3330 Euripidem
1055 3246 1139 3310 hanc
1163 3247 1348 3330 significati·

174 3381 274 3425 onem
296 3362 498 3444 praepositio
522 3358 608 3441 παροῖ
631 3361 735 3424 verbo
757 3361 879 3435 tribuit,
903 3366 1060 3441 παρανοεῖν
1080 3370 1139 3424 est
1186 3362 1347 3425 Localem

174 3485 240 3548 vim
264 3484 297 3547 in
320 3484 382 3547 hac
398 3484 638 3566 compositione
654 3484 760 3548 amisit
774 3483 984 3567 praepositio,
1000 3502 1200 3566 quamquam
1216 3485 1349 3567 proprie

175 3610 334 3685 παρανοεῖν
368 3605 551 3688 significare
585 3607 731 3669 videtur:
768 3605 860 3667 iuxta
893 3605 913 3666 i.
927 3623 956 3667 e.
988 3603 1079 3666 iuxta
1109 3623 1204 3666 suum
1235 3603 1349 3668 locum

173 3727 329 3807 cogitare.

215 3845 319 3928 Apud
350 3856 498 3911 nostrum
531 3869 597 3912 uno
624 3848 699 3912 loco
723 3855 850 3910 tantum
873 3847 1013 3910 occurrit
1036 3847 1170 3910 notione
1200 3865 1351 3928 perpe·

172 3989 258 4032 ram
291 3970 589 4054 intelligendi:
625 3969 731 4053 lphig.
768 3967 845 4032 Aul.
879 3968 943 4048 837
974 3988 1022 4049 sq.
1053 3965 1181 4048 ἀφασία
1208 3968 1243 4045 μ’
1270 3964 1350 4048 ἔχει,

173 4087 284 4178 γύναιΗ
295 4090 320 4154 ri
345 4089 390 4167 μή
417 4114 448 4154 πι
473 4095 666 4173 παρανοοῦσα
689 4096 871 4170 καινουργεῖς
886 4087 975 4167 λόγον
992 4127 1033 4138 -
1048 4100 1160 4172 stupor
1174 4110 1225 4153 me
1240 4088 1349 4165 habet,

171 4212 299 4289 mulier,
324 4212 395 4276 nisi
406 4213 500 4293 forte
522 4212 606 4295 quid
623 4202 740 4277 errans
752 4212 862 4298 fingis
883 4232 1002 4275 novum
1023 4231 1212 4275 sermonem.

216 4333 468 4417 Aristophanes,
495 4333 526 4396 N
529 4332 608 4396 ubb.
637 4335 730 4412 1480,
751 4354 827 4397 usus
842 4343 892 4397 est
907 4332 1009 4396 verbo
1025 4332 1161 4396 notione
1176 4331 1347 4407 delirandi,
