3038 4808
453 299 457 306 ’
480 298 693 381 παραθεῖν-
717 295 988 380 παραλαμβάνειν.
1278 315 1318 377 41

195 487 357 552 Androm.
382 504 425 568 29
444 508 515 571 sqq.
533 485 600 550 ἐπεὶ
617 486 650 551 δὲ
665 486 722 561 τὴν
737 483 898 550 Λακαόνοιν
913 482 1066 566 Ἑρμιόνην
1083 481 1204 572 γαμεῖόό
1214 483 1326 562 τούμόν

152 607 297 691 παρώσας
334 607 485 683 δεσπότας
524 607 628 673 δοῦλον
651 607 747 688 λόχος
764 605 775 695 Η
794 612 899 678 κακοῖς
933 605 1006 687 πρός
1039 606 1137 681 αὐτῆς
1171 604 1329 687 οχετλόοις

151 728 318 807 ἐλαύνομαι
341 766 385 778 -
400 741 579 813 postquam
602 751 679 794 aero
695 730 880 793 Lacaenam
896 729 1099 792 Hermionen
1113 728 1212 791 duxit
1225 726 1327 792 domi·

151 874 222 927 nus,
252 873 360 916 meum
387 851 567 934 repudians
589 851 741 914 servzlem
765 851 889 924 lectum,
913 851 1014 914 malis
1036 850 1078 913 ab
1102 850 1174 931 epsa
1197 849 1329 914 mereris

151 975 308 1058 erogator.
332 973 384 1037 De
408 975 526 1037 eadem
549 994 583 1037 re
607 972 726 1036 Electr.
753 973 837 1054 1036
852 993 924 1056 sqq.
941 967 1014 1036 όταν
1031 969 1070 1044 δ’,
1087 970 1217 1046 ὑπόντος
1233 970 1328 1044 τοῦδ’,

151 1092 317 1177 άμαρτάνρ
352 1090 580 1182 πόοιςόΙτάνόον
614 1091 762 1175 παρώσας
796 1091 919 1173 λέκτρα,
952 1091 1111 1170 μιμεῖσθαι
1143 1087 1218 1156 θέλει
1229 1088 1241 1180 {l
1251 1091 1327 1170 γυνὴ

151 1216 202 1281 τόν
224 1214 320 1298 άνδρα
342 1253 387 1264 —-
408 1215 558 1279 sedeam
581 1215 641 1279 leoc
659 1216 728 1279 illis
742 1214 892 1289 insideat,
910 1215 1040 1297 quando
1056 1215 1199 1278 maritus
1207 1223 1328 1296 peccat,

151 1338 357 1403 domesticum
380 1348 535 1419 respuens
557 1337 681 1412 lectum,
705 1336 837 1400 imitari
856 1337 932 1400 vult
951 1336 1073 1400 muller
1092 1342 1212 1400 virum.

194 1461 363 1524 Postremo
396 1458 541 1538 παραθεῖν
571 1459 660 1541 apud
685 1467 831 1521 nostrum
855 1458 994 1541 legimus
1017 1457 1140 1521 Troad.
1165 1455 1226 1520 661
1254 1476 1327 1538 sqq.

150 1580 195 1644 ιιεό
224 1579 282 1657 μὲν
312 1577 472 1661 παρθοαο’
503 1582 647 1660 Ἕκτορος
679 1576 769 1657 Φίλαν
791 1575 979 1666 κάραθόπρός
1000 1575 1052 1641 τόν
1076 1576 1215 1658 παρόντα
1239 1575 1328 1642 πόοιν

149 1699 322 1777 άναπτόξα
356 1701 453 1784 Φρὲνα
466 1698 570 1789 linari
594 1702 754 1781 Φανοῦμαι
777 1700 819 1780 τῷ
844 1697 961 1764 θανόντι
983 1737 1029 1746 -
1050 1710 1083 1762 et
1103 1700 1137 1762 sl
1157 1698 1328 1781 repudiato

149 1823 302 1888 Hectoris
332 1843 407 1888 caro
429 1823 534 1905 capito
557 1823 650 1905 apud
662 1832 868 1904 praesentem
892 1823 1049 1886 maritam
1072 1820 1238 1902 explicabo
1260 1819 1329 1882 anl-

153 1965 253 2018 mum,
285 1945 435 2027 improba
464 1944 603 2028 videbor!
628 1965 709 2028 erga
738 1955 912 2009 mortuum.
936 1981 980 1992 -
1003 1943 1164 2025 παράοαο’
1185 1946 1329 2024 Ἕκτορος

155 2063 248 2148 Φόλον
276 2064 356 2147 κάρα
387 2064 566 2150 significat:
597 2067 775 2149 repudians
804 2067 997 2130 memoriam
1019 2066 1092 2129 carl
1111 2065 1271 2140 Hectores,
1295 2072 1333 2128 ut

154 2187 250 2272 longe
281 2188 376 2252 absit.
414 2187 513 2253 Unde
544 2189 690 2270 sequitur
719 2187 862 2267 παραθεῖν
893 2186 1051 2270 ampliata
1073 2188 1207 2250 notione
1231 2187 1330 2249 etiam

154 2310 281 2374 valere:
298 2311 489 2393 propellere.

201 2431 392 2514 Separativa
415 2433 465 2496 vis
489 2453 565 2495 cum
589 2432 707 2495 nostris
730 2430 916 2514 Euripideis
933 2430 1093 2512 exemplis
1108 2437 1246 2513 apparet
1261 2437 1331 2492 tum

155 2553 244 2635 apud
260 2554 443 2617 Lucianum
461 2555 592 2639 (Timon
610 2555 659 2638 14)
671 2555 726 2637 qui
741 2552 884 2634 παραθεῖν
897 2574 972 2616 cum
985 2555 1131 2636 genitivo
1143 2551 1331 2616 coniunxit:

156 2671 371 2755 παραοάμενοθ
391 2699 426 2740 οε
448 2683 503 2752 τοῖς
524 2683 620 2754 τιμῆς
642 2714 685 2723 -
709 2676 843 2758 imperio
866 2687 897 2739 te
918 2675 1136 2739 deturbantes.

200 2796 347 2880 Dignum
373 2799 463 2880 quod
487 2798 672 2862 conferatur
694 2808 744 2862 est
767 2798 906 2862 verbum
931 2793 1217 2877 παραγκωνίζεοόαι
1242 2796 1332 2878 quod

156 2920 246 3002 apud
269 2921 414 2983 eundem
438 2920 633 3001 scriptorem
650 2918 801 3002 legimus,
818 2917 939 2980 Timon
958 2932 999 2998 54
1016 2913 1218 2998 προαρπάζων
1233 2913 1332 2996 άοπερ

157 3036 265 3107 Ξιιτῖνος
294 3034 337 3100 τά
367 3032 432 3116 liba
459 3034 512 3099 xa}
541 3035 594 3100 τόν
618 3035 746 3111 πλόοιον
770 3031 1074 3116 παραγκωνιζόμενος
1097 3036 1116 3097 i.
1131 3055 1160 3097 e.
1184 3034 1287 3097 cubito
1310 3054 1332 3095 a

179 3180 215 3223 se
237 3160 401 3241 repellens.

204 3350 477 3432 παραλαμβάνειν.

204 3525 242 3588 In
274 3525 376 3589 verbo
407 3520 672 3604 παραλαμβάνειν
701 3524 980 3609 praepositionem
1006 3532 1132 3586 motum
1156 3521 1199 3584 ab
1224 3521 1341 3604 aliquo

158 3647 212 3711 vel
242 3647 351 3729 aliqua
381 3667 416 3710 re
447 3647 619 3729 designare
650 3647 825 3729 praecipue
858 3667 917 3709 usu
948 3645 1048 3728 ipsius
1071 3644 1163 3708 verbi
1187 3652 1333 3727 apparet.

158 3768 320 3833 Dubitare
344 3770 450 3852 possis
473 3769 506 3831 in
529 3768 593 3831 hoc
616 3769 719 3832 verbo
742 3769 948 3851 pertineatne
972 3768 1063 3830 notio
1083 3766 1334 3848 praepositionis

159 3891 203 3954 ad
237 3911 313 3953 eum
348 3890 403 3974 qui
433 3887 592 3967 λαμβάνει
623 3910 665 3953 an
696 3898 823 3972 spectet
853 3908 1030 3971 personam
1061 3909 1081 3951 a
1110 3889 1201 3951 cuius
1232 3887 1334 3952 latere

159 4011 374 4095 proficiscitur
403 4010 439 4076 τό
468 4009 715 4090 λαμβανόμενον.
763 4011 913 4074 Verbum
936 4006 1199 4090 παραλαμβάνειν
1223 4017 1334 4072 autem

161 4153 251 4198 esse:
275 4135 416 4217 accepere
437 4134 569 4216 aliquid
588 4134 678 4217 quod
696 4132 783 4196 milei
803 4132 845 4196 ab
868 4132 980 4216 aliquo
999 4134 1146 4196 traditur
1160 4133 1230 4210 ipse
1245 4129 1335 4191 Euri·

160 4256 256 4341 pides
286 4277 346 4320 nos
378 4258 476 4321 docet
504 4255 611 4322 Orest.
646 4270 708 4337 552
740 4275 787 4337 sq.
821 4255 923 4335 πατὴρ
950 4253 1006 4333 μὲν
1029 4249 1198 4335 ἐφύτευσέν
1221 4273 1272 4328 με,
1296 4249 1334 4323 on
