3038 4808
584 1008 816 1108 canor
850 1010 918 1082 ιιι.

220 1209 423 1292 Praepositio
447 1204 533 1289 παρνέ
555 1209 829 1294 trangressionem
852 1209 888 1273 in
911 1209 1015 1273 alium
1039 1207 1142 1272 locum
1160 1209 1304 1273 denotat.

218 1612 381 1676 Venimus
398 1612 442 1675 ad
458 1631 499 1674 ea
514 1610 625 1685 verba,
641 1611 675 1673 in
690 1610 810 1691 quibus
824 1628 1023 1691 quamquam
1040 1609 1203 1692 cogitatur
1213 1629 1351 1692 quoque

167 1733 216 1797 de
248 1732 323 1797 loco
355 1732 442 1796 unde
473 1733 559 1796 actio
591 1730 628 1794 fit
657 1740 771 1794 tamen
800 1731 904 1793 maior
932 1730 981 1793 vis
1004 1730 1095 1794 cadit
1115 1731 1149 1792 in
1171 1729 1281 1794 locum
1305 1730 1349 1794 ad

170 1875 273 1939 quem
300 1854 337 1920 fit
360 1856 475 1917 motio.
524 1853 562 1917 In
584 1851 636 1916 his
658 1851 953 1936 compositionibus
977 1847 1063 1931 παρνέ
1086 1871 1187 1935 saepe
1209 1851 1350 1916 reddere

167 1997 352 2061 possumus
374 1995 439 2058 ope
461 1975 654 2040 Latinorum
678 1973 929 2057 praepositionis
952 1983 1054 2038 trans.

217 2150 414 2234 παραφέρειν.

216 2306 366 2371 Verbum
391 2304 578 2388 παραφέρειν
601 2315 667 2370 est:

216 2502 246 2550 a.
294 2482 393 2565 φέρειν
416 2508 447 2549 πι
469 2481 547 2548 ὥστε
571 2490 719 2564 παρεῖναι.

215 2640 248 2706 Ι).
298 2637 398 2721 φέρεῖν
422 2663 453 2703 πι
475 2636 553 2704 ὥστε
577 2646 715 2720 παρεῖναι
737 2638 805 2703 πινέ.

216 2817 350 2900 Propria
374 2819 510 2882 notione
533 2818 623 2900 apud
645 2827 792 2881 nostrum
815 2819 977 2901 tragicum
1000 2836 1066 2880 non
1086 2817 1236 2890 occurrit,
1254 2817 1344 2900 apud

170 2939 346 3021 scriptores
369 2939 500 3004 solutae
523 2939 680 3003 orationis
702 2940 893 3022 saepissime
917 2959 946 3003 e.
963 2961 993 3024 g,
1008 2939 1161 3023 Xenoph.
1179 2937 1302 3022 Cyrop.
1319 2939 1343 3003 Ι.

172 3076 201 3141 3.
233 3062 264 3123 6.
300 3060 405 3125 πολλὰ
441 3061 523 3140 αὐτῷ
555 3059 743 3142 παραφέρειν
774 3060 872 3141 θήρεια
897 3059 950 3125 καὶ
974 3065 1032 3125 πῶν
1055 3058 1180 3142 ἡμέραν,
1203 3059 1247 3123 de
1268 3059 1344 3123 cibo

169 3180 380 3260 apponendo.

213 3300 387 3383 Euripides
419 3301 575 3365 translate
606 3302 710 3365 verbo
738 3322 815 3364 usus
838 3311 889 3366 est
912 3301 1017 3385 Iphig.
1043 3300 1120 3365 Aul.
1144 3304 1205 3381 981
1233 3299 1345 3383 αἰσχύ-

169 3441 260 3497 νομαι
291 3419 324 3483 δὲ
360 3419 568 3505 παραφέρννσ’
586 3420 717 3502 οἰκτροὺς
732 3421 843 3498 λόγους
859 3461 900 3471 -
917 3424 1063 3488 erubesco
1077 3433 1186 3487 autem
1201 3425 1346 3506 afferens

171 3541 361 3606 miseranda
391 3543 501 3607 verba.
554 3542 719 3606 Phoeniss.
756 3561 839 3624 1139
869 3565 917 3627 sq.
942 3565 1016 3608 cum
1039 3544 1168 3608 dativo:
1194 3550 1293 3624 παρῆν
1315 3542 1342 3608 δ’

169 3660 298 3728 εἰινέσπον
314 3664 413 3729 τῶνδε
430 3688 481 3742 μοι
499 3662 662 3753 θενέμαπαΗ
672 3662 811 3743 ξύνθημα
829 3665 1014 3747 παρφέροντι
1031 3663 1168 3742 ποίμεσιν
1184 3663 1289 3744 λόχων
1300 3701 1345 3714 -

167 3782 284 3848 licebat
304 3797 414 3850 autem
435 3787 569 3870 singula
594 3807 720 3870 quoque
742 3786 829 3850 milri
848 3797 990 3869 spectare
1012 3797 1169 3850 tesseram
1192 3786 1349 3869 afferenti

170 3905 306 3969 ducibus
328 3908 489 3971 ordinum.
538 3909 718 3971 Notionem
742 3909 834 3971 iuxta
857 3908 982 3971 ferendi
998 3928 1098 3991 supra
1112 3907 1344 3971 illustravimus

168 4026 216 4110 (p.
241 4042 294 4105 30,
321 4029 384 4110 31),
408 4029 464 4091 ubi
488 4031 529 4093 de
552 4028 791 4112 significatione
814 4029 1069 4113 praeterierendi
1094 4029 1193 4093 etiam
1216 4029 1343 4112 egimus

163 4167 257 4230 quae
281 4150 370 4231 apud
394 4158 540 4213 nostrum
564 4169 630 4214 non
654 4153 803 4215 occurrit.

214 4270 282 4334 Alii
306 4266 480 4354 scriptores
504 4270 606 4334 verbo
631 4271 817 4352 παραφέρειν
833 4293 1079 4355 nonnumquam
1096 4273 1144 4335 usi
1159 4280 1237 4336 sunt
1251 4291 1344 4356 prae-
