3038 4808
204 302 246 363 28
495 295 738 379 παρασκευάζειν
762 336 802 346 -
828 295 1085 380 παρευτρεπίζειν.

204 487 231 549 si
262 505 309 549 vs.
345 503 423 563 1241
460 486 628 569 praecedit
656 485 825 549 κατθανεῖν.
854 485 992 569 Optima
1015 495 1067 549 est
1088 489 1226 550 mutatio
1249 487 1380 551 Weilii:

204 601 350 668 ὥστεκαὶ
365 612 495 685 κρατεῖν,
513 627 611 688 quam
627 607 751 688 recepit
766 605 1043 683 Wilamowitzius,
1056 608 1233 671 adnotans:
1253 608 1382 683 „Hera-

204 727 275 792 kles
296 730 401 792 meint
420 729 483 792 mit
501 729 623 792 seinem
646 733 776 807 κρατεῖν,
799 728 881 791 dass
903 750 940 791 er
960 727 1064 792 durch
1083 730 1146 792 den
1161 731 1219 793 tad
1231 729 1284 792 die
1301 729 1386 813 qual

204 849 392 933 beewr'ngen
415 850 529 913 ka'nne.
552 870 589 912 er
609 849 735 930 sprr'clrt
754 849 818 912 das
840 849 920 913 aber
940 849 1004 913 mit
1014 851 1188 933 finsterem
1211 861 1321 924 tratre,
1345 871 1381 914 sa

204 973 284 1036 dass
327 971 470 1035 Theseus
507 970 657 1043 verstelzt
693 991 731 1034 er
756 971 860 1052 plane
892 971 1013 1035 revalte
1040 993 1147 1056 gegen
1180 974 1234 1064 dre
1262 978 1382 1055 gener,

205 1094 474 1165 himmelssturm,
510 1114 565 1157 um
599 1092 668 1156 sict
703 1114 747 1156 an
781 1093 877 1157 Hera
909 1113 952 1157 αα
981 1094 1133 1157 νᾶιΙιεα.”
1180 1094 1384 1157 Wecklinius

206 1215 378 1278 adscribit:
401 1216 571 1295 fortasse:
601 1209 673 1276 ὥστ’
697 1212 871 1290 ἀμυναθεῖν.
920 1214 1028 1278 Minus
1051 1224 1156 1279 recte:
1182 1217 1384 1279 imminentia

207 1337 293 1400 mala
322 1336 496 1419 prohibere
528 1355 713 1419 possumus,
746 1356 812 1398 non
844 1338 1041 1418 praesentia.
1082 1339 1200 1420 Neque
1223 1339 1256 1400 in
1280 1340 1384 1401 verbo

206 1459 370 1536 ἀμυναθεῖν
394 1460 503 1521 minae
526 1460 648 1532 insunt,
671 1478 755 1541 quas
774 1466 887 1521 tamen
904 1479 1000 1522 versu
1021 1475 1100 1537 1241
1121 1480 1295 1542 expressas
1311 1481 1384 1524 esse

208 1580 320 1642 docuit
336 1600 396 1642 nos
412 1600 554 1662 sequens
570 1600 700 1658 versus;
714 1600 831 1643 omnes
844 1581 931 1642 enim
944 1580 1093 1643 homines
1106 1581 1194 1644 mala
1205 1580 1385 1645 defendere

207 1721 374 1764 conamur.

252 1820 355 1903 Apud
392 1821 473 1885 alios
511 1825 684 1905 scriptores
723 1817 969 1901 παρασκευάζειν
1002 1842 1077 1886 cum
1111 1823 1273 1907 particula
1307 1819 1387 1887 ὥστε

211 1964 447 2025 nonnunquam
471 1945 612 2008 occurrit
635 1965 663 2007 e.
688 1965 720 2026 g.
737 1943 870 2007 Isocrat.
887 1945 1047 2027 Panegyr.
1064 1944 1179 2028 (initio)
1195 1943 1254 2015 τὰς
1269 1944 1386 2009 ἑαυτῶν

210 2063 323 2144 ψυχας
338 2060 412 2129 οὕτω
430 2062 699 2144 παρασκευάσασιν
715 2060 792 2128 ὥστε
807 2063 860 2127 καὶ
876 2063 947 2136 τοὺς
959 2065 1074 2136 ἅλλους
1087 2066 1216 2146 ὠφελεῖν
1230 2064 1385 2130 δύνασθαι.

257 2254 516 2337 παρευτρεπίζειν.

446 2349 512 2361 »1⁴-

258 2443 356 2505 Haud
380 2444 519 2506 multum
544 2465 563 2507 a
586 2444 690 2507 verbo
715 2441 960 2524 παρασκευάζειν
983 2445 1091 2508 differt
1113 2465 1255 2527 sequens
1276 2467 1387 2523 παρευ

212 2560 377 2643 τρεπῖζεινε
403 2564 472 2647 Iph.
498 2565 597 2628 Taur.
623 2580 684 2647 725
703 2587 751 2647 sq.
769 2565 919 2630 ιῖπέλθετ’
936 2566 1024 2643 ὑμεῖς
1039 2564 1092 2630 καὶ
1110 2562 1387 2654 παρευτρὲπιζετευ

211 2680 321 2747 τᾶνδον
350 2684 497 2763 μολόντες
521 2692 585 2759 τοῖς
607 2686 760 2767 ἐφεστῶσι
783 2692 897 2768 σφαγῇ
920 2725 964 2735 -
987 2688 1074 2752 abite
1096 2710 1153 2752 vas
1175 2699 1208 2751 et
1228 2697 1389 2769 apparate

204 2807 346 2887 prefecti
366 2809 455 2871 intus
477 2830 530 2871 res
552 2809 595 2872 its
618 2810 678 2890 qai
691 2819 858 2891 praesunt
877 2810 980 2873 caedi.
1028 2805 1257 2889 παρευτρεπίζα
1281 2805 1341 2871 τινί
1357 2829 1388 2870 τι

211 2936 261 2991 est
284 2927 414 3008 παρέχω
437 2928 669 3009 εὐτρεπισμέναι
691 2929 750 2993 τινί
771 2953 812 2994 τι.

256 3050 356 3112 Redit
386 3051 522 3114 verbum
554 3053 586 3113 in
619 3051 766 3134 Cyclope
797 3074 845 3116 vs.
878 3066 941 3132 594
970 3050 1229 3131 παρευτρέπισται
1253 3049 1280 3113 δ’
1306 3047 1389 3114 οὐδὲν

212 3167 292 3233 ἄλλο
321 3171 403 3245 πλὴν
437 3169 749 3260 rupotvtlsstmaroa
778 3170 856 3252 ὄψιν,
885 3194 971 3256 quae
993 3172 1096 3236 verba
1119 3173 1165 3235 sic
1188 3173 1285 3234 vertit
1309 3171 1389 3234 Her·

214 3310 370 3356 mannus:
403 3291 597 3372 apparando
616 3293 889 3371 praetermissum
913 3291 1077 3365 estnihil,
1101 3291 1170 3354 nisi
1190 3300 1226 3352 ut
1247 3299 1392 3353 exurant

218 3414 363 3497 Cyclopis
385 3412 521 3475 aculam.
555 3408 804 3491 πμρευτρεπίζειν
827 3421 938 3475 autem
961 3412 1143 3496 significare
1167 3431 1264 3494 posse
1288 3420 1389 3491 appa-

213 3536 316 3598 rando
333 3535 594 3615 praetermittere
616 3555 714 3616 nego,
760 3534 848 3598 Infra
870 3535 1055 3598 videbimus
1080 3533 1130 3617 (cf.
1148 3555 1175 3599 c.
1194 3534 1283 3616 VIII)
1302 3530 1410 3622 παρα

214 3677 313 3739 saepe
337 3658 369 3718 in
395 3658 632 3738 compositione
656 3658 800 3719 indicare
823 3658 987 3719 actionem
1004 3658 1096 3720 verbi
1113 3656 1320 3739 negligenter
1335 3657 1389 3720 vel

216 3778 300 3841 male
324 3777 403 3840 fieri.
451 3778 546 3840 Hanc
570 3788 680 3841 autem
696 3778 910 3841 mutationem
926 3779 1012 3860 parit
1027 3779 1227 3860 praepositio
1243 3778 1269 3839 si
1286 3777 1389 3840 verbo

216 3901 299 3961 inest
322 3919 436 3960 sensus
457 3908 574 3961 neuter
590 3919 696 3980 neque
712 3899 797 3962 hanc
813 3900 880 3961 vim
897 3898 999 3961 habet
1014 3900 1046 3961 in
1063 3900 1304 3981 compositione
1320 3920 1390 3962 ver·

215 4021 342 4095 borum,
377 4041 463 4101 quae
499 4022 569 4102 ipsa
604 4021 727 4084 bonam
764 4030 820 4084 aut
851 4020 972 4084 malam
1003 4021 1171 4084 notionem
1202 4021 1388 4104 designant.

216 4138 400 4221 εὐτρεπίζειν
431 4141 610 4224 significat:
644 4142 742 4218 „berre
772 4142 967 4224 apparare.’'
1016 4140 1102 4223 παρα
1133 4152 1167 4206 et
1196 4135 1228 4206 εὖ
1257 4145 1291 4206 in
1322 4164 1390 4208 uno

216 4265 317 4327 verbo
340 4262 403 4326 hoc
420 4263 530 4337 modu,
547 4270 583 4324 ut
599 4263 810 4327 Hermannus
829 4264 908 4341 vult,
926 4265 1081 4346 coniungi
1096 4285 1194 4346 posse
1213 4285 1280 4327 non
1296 4273 1389 4348 puto,
