3038 4808
492 280 748 364 παρεδρεύειν-
772 282 968 365 παραμένειν.

186 490 389 572 παρεδρεύειν.

186 673 339 736 Proxime
363 672 406 736 ad
424 671 489 735 hoc
512 671 650 735 verbum
666 674 793 736 accedit
809 670 1009 752 παρεδρεύειν,
1027 673 1171 738 Alcestis
1188 677 1254 757 746
1269 698 1318 759 sq.

139 791 255 858 πούπαν
278 791 587 880 μετέχονπἨἍιδου
612 790 719 873 νύμφρ
743 792 936 874 παρεδρεύοις
960 831 1004 842 --
1026 795 1144 858 harum
1154 799 1320 880 particeps

141 917 290 980 Plutonis
323 915 452 999 conengi
482 915 642 979 assideas.
688 916 715 977 F
717 916 896 979 lorentinus
932 917 983 999 (L)
1012 927 1046 981 et
1078 917 1242 982 Palatinus
1273 920 1319 1002 (Ρ)

139 1037 266 1101 habent
292 1035 505 1118 πρισεδρεύιις.
529 1037 608 1100 Mihi
633 1039 737 1120 magis
759 1037 870 1120 placet
893 1038 991 1100 lectio
1016 1037 1207 1118 παρεδρεύιις
1230 1042 1320 1122 quod

140 1155 228 1238 παρύ
263 1159 386 1222 maiore
417 1160 449 1222 vi
481 1180 581 1241 quam
613 1157 687 1238 πρύς
717 1161 938 1241 praesentiam
970 1162 1004 1221 in
1035 1162 1201 1225 vicinitate
1237 1162 1321 1226 solet

138 1281 326 1363 designare.
351 1280 391 1343 cs.
418 1281 701 1355 Kiihner—Blass,
726 1280 855 1345 Griech.
880 1279 1059 1345 Grammat.
1078 1284 1118 1345 11.
1143 1301 1169 1346 1.
1186 1305 1219 1366 p.
1239 1298 1319 1364 509:

139 1403 232 1478 „Die
260 1401 519 1483 Pra'pasitzanem
552 1397 637 1480 πύρα
668 1403 740 1465 und
763 1399 835 1480 πρός
858 1402 938 1466 sind
956 1403 991 1464 in
1015 1403 1108 1467 ihrer
1130 1404 1318 1486 Bedeutung

137 1525 299 1587 einander
320 1523 388 1587 nale
411 1523 594 1598 verwana't,
616 1523 724 1586 indem
743 1518 828 1602 παρύ
844 1523 898 1586 die
913 1523 1024 1599 Nilne,
1041 1523 1114 1605 πρύς
1129 1526 1183 1588 die
1201 1526 1322 1608 Gegan-

138 1656 232 1709 wart
259 1647 320 1709 der
347 1646 458 1728 Dinge
487 1644 677 1719 bezeichnen,
710 1644 953 1708 untersclzeia'en
979 1645 1049 1708 sicle
1072 1646 1151 1708 aber
1172 1646 1320 1710 dadurclz

139 1789 205 1830 van
233 1767 401 1842 einander,
435 1767 515 1829 dass
539 1762 623 1845 παρύ
646 1767 742 1828 mehr
762 1787 825 1828 van
848 1767 1052 1830 raumlieizen
1076 1769 1148 1830 una'
1166 1777 1321 1832 ausseren

138 1883 380 1967 Beaielrungen,
413 1880 486 1962 πρύς
515 1883 662 1965 dagegen
692 1881 789 1945 mehr
818 1905 882 1946 von
908 1885 1062 1947 causalen
1086 1885 1157 1947 und
1176 1887 1319 1960 innmn,

138 2028 205 2069 von
235 2005 659 2088 Thatz'gkeitsbeaieirungen
676 2004 861 2087 gebraucht
882 2005 1002 2069 werd.''
1049 2005 1125 2078 Hoc
1148 2006 1321 2070 discrimen

138 2128 176 2188 in
199 2126 389 2208 compositis
412 2147 545 2207 quoque
568 2146 668 2208 saepe
692 2135 841 2208 apparet.

188 2249 344 2312 Ceterum
381 2246 568 2328 παρεδρεύειν
602 2248 785 2310 derivatum
821 2257 871 2310 est
904 2249 1044 2312 verbum
1079 2251 1122 2314 ab
1157 2251 1322 2314 adiectivo

142 2367 299 2449 πύρεδρνς.
342 2369 492 2451 Simplex
526 2367 649 2449 ilperini
672 2389 831 2450 nusquam
855 2371 1028 2435 invenitur.
1072 2371 1174 2453 Apud
1198 2372 1321 2434 Demo·

142 2491 293 2554 sthemen
324 2487 493 2571 παρεδρεύω
524 2490 701 2573 significat:
726 2511 873 2554 assessor
892 2512 977 2554 sum.
1024 2491 1127 2575 Apud
1149 2492 1232 2556 alios
1255 2513 1322 2556 non

141 2613 294 2686 occurrit,
318 2611 554 2675 recentioribus
579 2613 737 2694 exceptis.

189 2813 384 2895 παραμένειν.

189 3029 340 3092 Verbum
365 3025 549 3106 παραμένειν
572 3027 661 3109 apud
682 3027 865 3089 Homerum
882 3046 943 3088 nec
960 3046 1027 3087 non
1043 3028 1133 3108 apud
1149 3027 1230 3089 alios
1246 3035 1322 3107 post

145 3169 232 3222 eum,
256 3149 389 3232 proprio
414 3169 511 3212 sensu
535 3149 631 3211 locali
648 3157 831 3229 usurpatur,
852 3148 1003 3210 absolute
1020 3147 1112 3210 Iliad.
1130 3146 1219 3209 XIII.
1241 3160 1320 3226 151:

144 3269 318 3351 παρμένεπε
329 3307 374 3319 -
385 3271 450 3334 loca
465 3281 601 3344 manete,
612 3280 830 3351 perseverate,
847 3291 922 3332 cum
938 3271 1049 3332 dativo
1066 3269 1158 3331 Iliad.
1172 3269 1229 3331 XI.
1243 3285 1320 3345 402.

190 3393 294 3476 Apud
325 3393 518 3475 Euripidem
541 3392 671 3456 duobus
694 3392 774 3454 locis
798 3390 916 3474 legitur
939 3390 1095 3453 translate
1118 3390 1320 3452 adhibitum:

146 3513 326 3580 Absolute:
344 3514 475 3577 Electra
491 3531 552 3594 941
572 3534 621 3595 sq.
638 3514 655 3586 ἡ
672 3511 731 3592 γαρ
748 3510 841 3592 Φύσις
857 3511 994 3589 βέβαιος,
1010 3513 1041 3575 οὐ
1057 3510 1100 3574 πα
1117 3503 1321 3599 χρήμαπαΗύ

144 3636 203 3714 μὲν
233 3634 293 3716 ναρ
320 3633 378 3699 αἰεὶ
408 3633 613 3716 παραμένινσ’
637 3632 711 3714 αἴρει
733 3630 817 3696 ranei
843 3671 883 3680 -
908 3634 1075 3715 ingenium
1098 3634 1184 3697 enim
1207 3634 1323 3696 stabile

143 3769 203 3830 est,
234 3778 297 3822 nan
324 3757 481 3834 a'z'vitiae‚·
503 3757 563 3821 noc
584 3769 697 3840 nempe
720 3768 847 3838 semper
862 3767 1064 3836 permanens
1086 3757 1199 3836 aufert
1219 3755 1321 3819 mala.

146 3880 260 3942 Verba
291 3875 364 3958 αἴρει
395 3877 480 3942 narni
510 3899 597 3960 quae
627 3878 737 3941 multis
760 3887 913 3958 suspecta
936 3884 1020 3949 sunt,
1045 3897 1125 3938 sana
1149 3875 1226 3939 mihi
1251 3896 1322 3939 esse

144 4001 308 4063 videntur.
351 4000 465 4063 Verbo
489 3996 579 4080 αἴρειν
602 4021 664 4082 pro
688 3996 827 4077 ἀπαίρειν
851 3997 1043 4061 Plutarchus
1067 3999 1201 4080 proprio
1224 4019 1321 4060 sensu

146 4143 225 4186 usus
259 4132 323 4200 est;
358 4122 411 4206 (de
446 4122 568 4185 tuenda
598 4121 737 4184 sanitate
768 4141 801 4202 p.
834 4121 896 4200 383
930 4117 1064 4198 ἀρθείσης
1089 4127 1146 4192 τῆς
1169 4114 1324 4196 τραπέζης

144 4243 275 4308 sublata
300 4265 424 4307 mensa.
456 4243 498 4306 cf.
529 4243 628 4307 etiam
658 4241 742 4305 Plut.
774 4240 929 4323 Sympos.
963 4240 1038 4306 Vll.
1069 4258 1101 4319 4.
1130 4256 1143 4301 1
1171 4239 1226 4301 ubi
1249 4259 1324 4321 pro-
