3038 4808
656 312 871 393 παρίστασθαι.
1329 335 1356 397 9

173 500 318 583 aliquem
353 500 409 563 vel
438 499 572 582 aliquid
579 500 596 524 ’'
632 499 795 582 significat
829 497 1014 580 repromittur
1049 503 1139 583 apud
1174 501 1353 567 Demosth.

174 639 227 700 49.
254 634 305 701 35.
331 616 519 700 παριστάναι
541 641 610 683 τινα
626 624 686 683 τοῖν
704 619 823 684 οἰκετῶν
841 617 1015 700 φυλάττειν
1031 619 1073 685 τοὶ
1090 618 1184 697 ξύλα.
1220 624 1351 686 Eodem

172 764 270 806 sensu
300 744 334 806 in
364 742 458 805 Actis
491 742 610 824 Apost.
636 742 808 805 adhibetur
832 742 896 824 (23.
924 745 977 826 33)
1002 741 1200 824 παρέστησαν
1224 743 1277 808 καί
1301 745 1356 808 τὸν

173 868 294 928 Παῦλον
325 863 408 944 αὐτῷ
439 900 483 910 -
505 865 660 926 stiterunt
680 864 779 927 etiam
803 865 958 951 Paullum
983 887 1090 929 eoram
1115 887 1159 928 eo.
1208 867 1352 930 Notione

173 1008 262 1050 mere
287 985 384 1049 locali
407 1006 539 1068 semper
562 986 681 1047 dicitur
709 982 895 1066 παριστάναι
918 987 960 1049 de
982 987 1133 1068 personis
1155 986 1208 1050 vel
1232 990 1358 1052 anima·

173 1109 267 1183 libus,
291 1107 392 1171 veluti
416 1107 550 1170 Lucian.
575 1105 760 1195 Diaimar.
777 1108 808 1171 6.
827 1125 855 1169 2.
874 1104 1007 1187 δελφῖνά
1023 1131 1074 1185 μοι
1093 1106 1161 1172 τινά
1178 1113 1238 1173 τῶν
1258 1106 1354 1173 ὠκέων

174 1225 379 1308 παράστησον.
407 1228 550 1291 indicat:
577 1228 722 1308 „facere
746 1238 784 1291 ut
803 1229 925 1304 veniat,
949 1229 1040 1292 adsit
1053 1230 1210 1312 alz'qurs.”
1234 1230 1352 1293 Trans·

173 1352 238 1414 late
276 1352 408 1433 saepius
448 1352 589 1412 activum
625 1359 807 1431 usurpatur,
843 1371 1043 1432 quamquam
1078 1353 1167 1434 apud
1203 1361 1353 1415 nostruin

172 1473 360 1554 exemplum
375 1493 441 1535 non
454 1472 557 1545 adest,
571 1472 630 1534 sed
642 1469 862 1534 cf.Demosth.
875 1473 1003 1535 advers.
1013 1473 1149 1536 Midiam
1162 1495 1194 1555 p.
1210 1487 1225 1553 5
1232 1489 1283 1554 37.
1298 1491 1352 1537 22.

172 1594 204 1657 οὐ
234 1593 294 1673 γάρ
326 1595 343 1666 ἡ
375 1594 482 1669 πληγὴ
515 1591 688 1673 παρέστησε
718 1592 772 1665 τὴν
803 1592 904 1671 ὀργάν,
931 1594 1006 1657 ἀλλ’
1040 1595 1057 1668 ἡ
1086 1594 1199 1672 άτιμία
1224 1632 1262 1642 -
1289 1616 1355 1659 non

171 1712 258 1774 enim
274 1713 383 1794 plaga
406 1713 509 1775 movit
529 1711 627 1785 iram,
650 1713 712 1774 sed
731 1712 922 1794 rgnominia.

217 1833 411 1915 Lentingius
435 1833 592 1895 coniecit:
618 1829 808 1912 παρεστάναι
833 1838 988 1912 λεχοῖ-
1013 1832 1130 1897 iuvare
1138 1844 1353 1914 puerperam.

171 1955 325 2018 Fortasse
348 1955 484 2016 credere
506 1962 618 2036 potest
641 1954 739 2016 lason
762 1955 917 2017 Medeam
936 1955 1112 2017 affuturam
1130 1975 1202 2017 esse
1218 1956 1352 2036 nuptiis,

171 2095 340 2157 nunquam
364 2083 479 2137 tamen
503 2075 636 2137 credere
659 2082 770 2156 potest
793 2075 947 2137 Medeam
971 2075 1154 2137 adiuturam
1178 2095 1250 2137 esse
1273 2076 1351 2138 invi·

170 2218 241 2260 sam
279 2197 375 2260 istam
414 2195 561 2259 Glaucen
599 2197 844 2279 parturientem.
890 2198 1128 2259 Laurentianus
1161 2196 1263 2260 habet
1296 2196 1354 2260 καῖ

170 2323 348 2395 συγκαμεῖν
372 2340 416 2381 σοι
438 2316 490 2381 καὶ
516 2315 708 2397 παρεστάναι
732 2315 830 2397 λέχει.
857 2317 946 2398 Quid
971 2328 1083 2381 autem
1108 2324 1284 2395 συγκαμεῖν
1307 2339 1353 2381 σοι

169 2439 356 2523 significare
378 2441 511 2514 debeat,
536 2442 661 2504 nescire
685 2460 738 2503 me
761 2441 884 2517 fateor;
909 2445 1024 2516 γαμεῖν
1047 2441 1134 2503 enim
1158 2460 1289 2521 semper
1307 2441 1353 2502 de

169 2564 241 2624 viro
273 2562 407 2638 dicitur3
440 2570 528 2624 totus
560 2582 672 2625 versus
705 2563 768 2643 887
800 2562 930 2644 spurius
955 2561 1034 2624 mihi
1057 2563 1194 2624 videtur,
1241 2563 1353 2625 Mirari

171 2703 250 2746 sane
287 2682 384 2746 Iason
419 2691 530 2766 potest
564 2684 654 2765 quod
690 2683 810 2746 Medea
844 2704 891 2745 vs.
928 2684 992 2746 886
1024 2684 1103 2745 dicit
1133 2703 1168 2746 se
1199 2694 1352 2766 oportere

170 2805 327 2868 adiuvare
349 2804 485 2867 consilia
507 2805 640 2867 lasonis.
665 2804 734 2868 Sed
757 2824 824 2867 non
847 2804 954 2866 solum
980 2805 1113 2867 miratus
1137 2815 1225 2867 esset
1241 2806 1352 2879 Iason,

171 2945 285 2988 verum
309 2926 409 2988 etiam
433 2924 556 2988 diffisus
580 2935 667 2988 esset
690 2924 828 2988 Medeae
854 2925 974 2987 dicenti
998 2945 1033 2987 se
1057 2933 1144 2987 stare
1168 2925 1291 2988 debere
1307 2926 1352 2988 ad

169 3045 293 3109 lectum
331 3046 514 3129 coniugale.
561 3046 647 3109 Fieri
685 3067 752 3123 non
786 3055 897 3128 potest
931 3046 1010 3127 quin
1047 3046 1217 3128 intellegat
1251 3047 1351 3108 Iason

169 3166 326 3230 simulare
354 3168 507 3230 Medeam
531 3177 565 3230 et
588 3166 726 3243 mentiri,
750 3168 778 3229 si
801 3167 879 3229 talia
902 3167 1072 3231 audiverit.
1119 3166 1350 3248 Suspicionem

169 3309 324 3372 magnam
359 3289 507 3353 movebit
541 3290 660 3353 Medea
693 3290 771 3353 talia
806 3291 928 3365 dicens,
964 3310 1048 3370 quae
1079 3310 1207 3352 servam
1240 3290 1353 3371 potius

170 3431 268 3492 quam
292 3411 440 3493 reginam
464 3412 584 3474 decent
609 3432 715 3493 neque
739 3413 942 3474 conveniunt
965 3431 1040 3473 cum
1064 3411 1165 3473 atroci
1180 3418 1214 3472 et
1229 3412 1351 3475 acerba

170 3531 284 3596 indole
322 3534 403 3596 eius.
458 3533 609 3596 Nauckio
644 3555 724 3616 ergo
752 3517 922 3596 ¹assentior
956 3532 1188 3615 interpolatum
1219 3555 1349 3598 versum

171 3655 237 3737 887
247 3655 404 3717 censenti.
428 3654 579 3728 Addidit,
593 3655 720 3737 opinor,
734 3653 835 3717 homo
848 3655 903 3735 qui
915 3655 1017 3717 verba
1029 3651 1151 3733 νιίριφκν
1163 3653 1351 3728 κνδενίνσαν

168 3774 329 3839 illustrare
364 3775 483 3853 voluit;
519 3777 610 3856 quod
642 3797 816 3858 perperam
851 3775 937 3839 fecit.
983 3773 1167 3849 κκδενίνσαν
1203 3779 1349 3860 generali

169 3917 268 3960 sensu
292 3897 518 3979 accipiendum
541 3906 608 3960 est:
634 3897 838 3971 „colentem”

215 4016 328 4081 Locali
358 4037 456 4080 sensu
489 4015 745 4097 παρεστάναι-
773 4019 889 4098 „iuxta
912 4019 1022 4083 stare''
1050 4020 1149 4082 etiarn
1174 4019 1350 4082 adhibetur

169 4136 296 4201 Alcest.
333 4155 418 4202 1010
447 4159 496 4222 sq.
528 4137 587 4215 ἐγὼ
621 4138 654 4202 δὲ
686 4144 747 4211 σοῖς
777 4143 910 4202 κακοῖσιν
942 4137 1040 4215 ἠξίουν
1068 4138 1164 4216 ἐγγὺς
1187 4140 1352 4219 παρεστὼς

168 4242 370 4339 ἐξετάζεσθαι
392 4258 485 4340 Φίλος
508 4299 549 4308 -
573 4282 632 4344 ego
654 4282 731 4324 vero
754 4261 788 4324 in
806 4261 872 4325 tuis
886 4262 986 4325 malis
1000 4283 1071 4327 cum
1080 4272 1185 4342 prope
1199 4261 1347 4325 adessem
