3038 4808
519 322 705 406 παραφέρειν
728 361 773 376 -
798 323 1009 405 παραδιδόναι.
1307 339 1347 408 75

172 514 392 579 ditonotione
423 535 443 577 a
473 512 614 577 latere
644 512 823 588 ferendi,
855 512 1086 576 auferendi
1114 513 1349 597 e.g.Xenoph.

184 635 312 719 Cyneg.
336 635 378 699 V.
403 650 456 716 27,
480 654 554 698 cum
577 634 734 717 genitivo,
759 630 889 698 ἕκαστον
914 631 1084 714 παραφέρει
1107 634 1163 708 τὴν
1185 631 1254 714 όφιν
1269 672 1313 683 -
1327 656 1351 699 a

176 779 306 842 quoque
327 755 433 821 oculas
455 755 586 820 avertit.
633 756 731 822 Unde
755 757 922 820 emanavit
936 776 1051 820 sensus
1082 777 1102 820 a
1132 766 1252 822 recta
1283 759 1350 822 via

173 879 192 942 f
197 900 215 942 e
229 880 362 954 rendi,
385 877 510 942 Platon.
534 877 671 941 Phaedr.
697 878 758 958 265
778 877 805 939 B
829 873 898 948 ἴσως
919 876 976 956 μὲν
995 877 1122 953 αλνόιῦς
1143 899 1222 951 τινος
1246 876 1350 959 ἐφαπ-

176 998 307 1077 τόμεναι·
340 995 436 1081 πόχα
466 997 494 1063 δ’
527 995 564 1063 διν
594 997 647 1063 καὶ
679 994 796 1063 ἄλλοσε
819 996 1075 1080 παραφερόμενοι.
1122 999 1174 1063 De
1197 1021 1264 1083 quo
1288 1021 1348 1064 usu

170 1123 255 1188 vide
279 1141 379 1205 supra
400 1143 428 1186 c.
453 1122 512 1186 IV.

223 1313 432 1396 παραδιδόναι.

222 1504 371 1567 Verbum
394 1500 596 1582 παραδιδόναι
618 1503 671 1567 hic
694 1523 789 1566 suum
809 1503 918 1567 locum
933 1502 1057 1568 habere
1072 1506 1197 1589 optime
1213 1515 1350 1589 apparet

173 1626 284 1708 primo
316 1625 407 1707 quod
437 1624 611 1688 afferemus
636 1624 801 1708 exemplo.
847 1626 903 1689 Ab
927 1626 1083 1708 Euripide
1106 1626 1174 1690 fere
1197 1628 1350 1691 omnibus

174 1748 284 1811 modis
307 1747 426 1829 quibus
448 1747 548 1810 ceteri
571 1748 745 1829 scriptores
768 1747 832 1811 hoc
855 1748 956 1811 verbo
980 1749 1029 1810 usi
1053 1755 1138 1823 sunt,
1155 1754 1347 1827 usurpatur:

223 1936 249 1981 1.
297 1917 347 1982 de
385 1917 513 1981 rebus
546 1917 708 1981 concretis
742 1938 824 1999 quas
859 1938 903 1982 ex
937 1918 1086 1982 manibus
1109 1917 1228 1981 nostris
1251 1914 1347 1979 alicui

180 2039 348 2103 tradimus.
394 2038 513 2102 Bacch.
537 2051 601 2119 495
627 2034 737 2102 ἔπειτα
760 2037 858 2119 όόρσιν
880 2037 968 2103 τόνδε
986 2036 1123 2119 παρόδις
1139 2038 1175 2103 ἐκ
1191 2044 1346 2120 χεροῖν-

171 2161 293 2226 deinde
315 2159 465 2242 thyrsum
488 2159 573 2224 hunc
594 2162 689 2224 trade
710 2182 753 2224 ex
775 2161 937 2225 manibus.
983 2162 1194 2243 Perspicuum
1217 2169 1268 2225 est
1282 2159 1347 2224 hoc

171 2281 248 2345 loco
281 2301 348 2346 non
382 2281 488 2345 solum
522 2291 648 2346 motum
678 2283 722 2345 ad
752 2282 896 2366 aliquem
927 2285 986 2347 sed
1017 2284 1117 2348 etiam
1148 2292 1273 2347 motum
1303 2282 1346 2345 ab

175 2401 288 2485 aliquo
318 2404 460 2486 spectari
490 2424 690 2486 quamquam
722 2405 754 2467 in
778 2405 880 2468 verbo
904 2403 1104 2487 παραδιδόναι
1127 2405 1194 2469 fere
1216 2423 1347 2487 semper

170 2525 276 2588 maior
303 2526 354 2589 vis
384 2524 472 2589 cadit
502 2526 534 2588 in
564 2535 690 2590 motum
722 2526 765 2589 ad
795 2527 938 2610 aliquem
968 2528 1089 2592 Troad.
1123 2528 1185 2609 348
1211 2523 1348 2607 παρόδις

169 2647 240 2726 ἐμοὶ
263 2651 331 2730 φῶς
353 2685 397 2698 -
419 2650 515 2713 trade
536 2649 624 2714 milti
634 2652 759 2731 facem.

218 2838 248 2883 2.
295 2820 346 2883 de
376 2822 587 2903 personis.

217 3018 248 3065 u.
295 2999 346 3062 de
376 3001 578 3081 personis
608 3020 711 3082 quas
742 2999 873 3063 alicui
904 2999 1226 3074 committimus,
1250 2999 1345 3062 inter-

178 3120 256 3184 dum
280 3128 441 3203 sequente
455 3120 617 3185 infinitivo
633 3119 738 3185 finali:
757 3120 893 3185 Orestes
908 3122 950 3202 63
968 3143 1017 3205 sq.
1038 3111 1070 3194 ii
1086 3120 1146 3201 νδιρ
1162 3120 1234 3186 κατ’
1251 3116 1347 3193 οἴκους

169 3238 268 3324 ἔλιφ’,
292 3241 337 3306 ὁπ’
359 3241 390 3315 ἐς
404 3240 513 3323 Τροίαν
530 3239 617 3306 ἔπλει
627 3239 638 3331 ΙΙ
648 3239 788 3323 παρθένον
804 3242 863 3323 ἐμῇ
879 3265 915 3305 πε
930 3243 1021 3323 μητρὶ
1036 3242 1208 3323 παρέδωκεν
1223 3242 1345 3324 τρέφειν

170 3400 215 3413 -
246 3386 345 3446 quam
376 3364 463 3429 enim
493 3364 584 3428 domi
607 3366 749 3448 reliquit,
781 3367 911 3448 quanda
934 3366 983 3430 ad
1008 3365 1140 3429 Troiam
1164 3364 1348 3447 navigabat

168 3487 332 3570 virginem
356 3487 523 3570 matrique
543 3507 635 3550 meae
653 3487 796 3552 tradidit
808 3488 971 3552 alendam.
996 3486 1102 3571 Iphig.
1119 3486 1196 3549 Aul.
1213 3486 1279 3567 690
1294 3507 1343 3569 sq.

167 3603 244 3672 όταν
266 3604 374 3680 ἄλλοις
397 3605 652 3698 δόμοιςΗπαῖδας
675 3607 833 3690 παραδιδῷ
857 3609 964 3673 πολλόν
986 3608 1152 3688 μοχθήσας
1176 3607 1280 3688 πατήρ
1302 3645 1343 3655 -

178 3731 309 3814 quanda
339 3731 458 3795 alienis
487 3730 623 3795 aedibus
647 3732 755 3795 tradit
774 3731 892 3795 liberas
914 3752 995 3814 quas
1016 3731 1117 3795 malta
1139 3730 1250 3794 labare
1271 3732 1345 3795 eda·

165 3852 257 3916 cavit
268 3862 379 3934 pater.

215 4047 247 4113 b.
294 4047 345 4112 de
377 4047 579 4131 personis
609 4066 712 4130 quas
742 4046 877 4111 alicui
906 4046 1104 4111 dedimus
1134 4047 1175 4111 in
1206 4055 1345 4131 potes-

169 4177 316 4247 tatem,
340 4169 507 4234 Heraclid.
532 4170 595 4251 763
620 4190 691 4253 sqq.
714 4166 808 4233 κακόν
832 4167 859 4232 δ’
884 4163 905 4233 ὦ
930 4167 1033 4245 πόποι,
1050 4169 1075 4234 εἰ
1091 4165 1345 4256 ξένινςΗὶιιπῆρας

169 4289 607 4380 παραδώσομενφκελεόμασιν
628 4297 764 4372 ’Άργινς
787 4329 828 4340 -
852 4303 944 4375 turpe
957 4291 1076 4374 suerit,
1099 4291 1195 4365 azaer,
1217 4289 1251 4353 si
1270 4288 1343 4352 laas-
