3038 4808
619 314 832 396 παραιτεῖσθαι
1272 331 1315 400 47

139 510 295 565 exoratur
324 500 490 584 coniungi.
536 500 628 584 Apta
658 521 744 582 quae
771 499 980 564 conferantur
1002 501 1104 566 verba
1127 511 1204 566 sunt
1227 523 1313 585 quae

139 622 213 686 Rau
233 624 277 687 de
292 623 355 687 hac
370 644 404 686 re
420 623 498 687 iecit
513 621 667 706 (Studien
683 644 740 686 zur
755 621 987 686 Griechischen
1002 623 1070 687 und
1086 623 1315 689 Lateinischen

140 744 357 819 Grammatik,
393 742 433 810 G.
463 743 595 808 Curtius
630 744 686 809 111.
722 766 754 827 p.
787 744 857 828 92):
893 745 977 810 Cum
1006 746 1197 826 saepissime
1226 748 1320 830 apud

138 867 274 948 optimos
305 867 477 948 scriptores
509 865 606 930 otreio
640 889 670 929 τι
707 864 793 946 ταριὲ
824 888 902 937 τινας
929 866 1085 947 scriptum
1111 868 1316 950 reperiamus

137 986 300 1070 (Xenoph.
325 985 451 1052 Oecon.
476 987 518 1051 11.
547 988 608 1071 15),
625 987 685 1050 vix
700 986 849 1051 dubitari
854 987 977 1069 poterit
992 988 1072 1070 quin
1087 989 1188 1052 etiam
1204 1011 1315 1077 ταραν-

137 1107 254 1172 τεῖσθαι
281 1130 360 1181 τινας
386 1120 448 1191 pro
478 1107 627 1172 αἰτεῖσθαι
658 1106 743 1189 παραὶ
773 1130 851 1180 τινας
873 1109 995 1173 dictum
1017 1109 1072 1185 sit,
1100 1131 1312 1193 quamquam,
1363 1149 1366 1154 ·

138 1251 209 1295 cum
232 1230 435 1312 praepositio
465 1229 675 1294 immobiliter
703 1230 804 1313 quasi
834 1230 932 1294 uerbo
955 1231 1059 1315 affixa
1080 1231 1134 1306 sit,
1158 1254 1222 1296 non
1242 1253 1315 1297 cum

132 1351 280 1435 genitivo
304 1351 364 1414 sed
382 1370 448 1414 cum
471 1351 654 1415 accusativo
677 1351 810 1415 verbum
835 1352 1050 1435 coniungitur.
1098 1351 1194 1435 Quae
1211 1355 1313 1418 verba

138 1484 250 1538 nostro
274 1473 455 1556 Euripiden
478 1474 553 1538 loco
577 1474 791 1556 corriguntur.
837 1473 940 1537 Recte
964 1473 1101 1538 adnotat
1120 1475 1313 1539 scholiastes

32 1652 34 1656 Α
137 1597 180 1660 ad
204 1595 358 1659 Medeam
385 1609 464 1677 1151
492 1616 562 1678 sqq.
588 1593 752 1675 παραιτοῦ
776 1594 1043 1675 respuentes.

181 1836 214 1903 Ι).
261 1835 493 1901 Omittitur
523 1856 647 1901 casus
677 1856 894 1919 personae
924 1857 1010 1921 quae
1041 1847 1195 1902 exoratur
1222 1840 1311 1922 apud

135 1966 284 2021 nostrum
314 1960 413 2023 Herc.
446 1959 521 2022 Fur.
554 1976 617 2040 302
649 1979 699 2041 sq.
732 1957 788 2033 ἤδη
819 1957 846 2021 δ’
872 1958 980 2035 ἐσῆλθε
1005 1960 1041 2036 μ’
1066 1959 1090 2022 si
1112 1958 1312 2040 ταραιτνισαί·

134 2077 358 2168 αεθαὶιφνγιὶς
388 2078 499 2145 τέκνων
530 2079 619 2144 τῶνδ’
651 2118 690 2127 -
722 2081 783 2145 sed
801 2080 890 2143 milei
911 2080 979 2144 iam
1002 2081 1094 2144 veuit
1113 2080 1148 2146 in
1170 2091 1308 2146 mentem

132 2203 166 2266 si
192 2201 392 2284 deprecando
422 2203 673 2284 impetraremus
702 2202 839 2267 ero'lmm
862 2201 1036 2266 liberorum
1058 2201 1186 2265 horum.
1233 2202 1310 2284 Quo

133 2323 207 2388 loco
238 2323 440 2387 Wecklinius
470 2321 569 2396 τῶνδ’,
603 2343 689 2405 quae
720 2333 771 2387 est
801 2325 900 2388 lectio
927 2325 1089 2399 codicum,
1115 2324 1253 2388 mutavit
1276 2326 1309 2388 in

133 2443 233 2523 τόνδ’;
258 2444 348 2509 nulla
371 2447 577 2510 necessitate.
601 2446 693 2509 Luce
716 2445 834 2508 clarius
856 2454 906 2509 est
921 2447 1089 2509 neminem
1106 2447 1166 2510 nisi
1182 2448 1310 2529 Lycum

133 2588 270 2632 exorare
293 2567 481 2650 Megaram
505 2578 678 2650 praeterea
702 2567 914 2647 παραιτεῖσθαι
930 2569 1052 2632 omissa
1066 2588 1208 2652 persona
1226 2588 1311 2651 quae

132 2698 287 2754 exoratur
309 2689 399 2771 apud
422 2689 593 2753 Platonem
618 2709 751 2773 quoque
775 2689 947 2763 habemus,
967 2687 1085 2753 Critias
1105 2704 1165 2771 107
1183 2690 1218 2754 A
1237 2682 1306 2754 oiim

133 2811 315 2895 παραίτησιν
338 2810 505 2892 Φιλότιμον
529 2810 652 2890 μέλλων
676 2811 899 2892 παραιτεῖσθαι.

176 3072 204 3122 n.
248 3054 378 3118 Deinde
400 3063 437 3118 ut
455 3056 545 3137 apud
561 3054 652 3129 alios,
672 3053 886 3135 παραιτεῖσθαι
900 3054 989 3137 apud
1004 3054 1195 3138 Euripidem
1219 3076 1307 3119 cum

131 3178 295 3241 duobus
318 3176 588 3240 accusativis
610 3175 774 3238 invenitur
796 3175 901 3258 Iphig.
924 3172 1309 3256 Α111.6851ἒδέταραι·

130 3301 254 3377 τιῦααι
266 3294 344 3362 τάδε
366 3333 411 3348 -
433 3307 465 3361 te
486 3306 596 3362 autem
618 3295 678 3359 leoc
699 3318 764 3361 oro.

175 3422 252 3484 Huc
280 3439 387 3503 usque
411 3419 503 3483 locos
525 3418 659 3493 contuli,
684 3417 741 3482 ubi
766 3416 978 3498 παραιτεῖσθαι
1002 3417 1162 3500 significat
1185 3436 1307 3481 orare

130 3552 175 3607 ut
205 3542 372 3625 aliquid
402 3561 422 3605 a
452 3549 493 3605 te
521 3537 620 3622 (rapio
645 3541 707 3624 τοῦ)
734 3541 785 3603 ad
816 3561 876 3604 me
907 3541 1062 3616 veniat,
1086 3561 1172 3604 nunc
1195 3548 1306 3605 autem

129 3665 317 3730 videbimus
347 3663 540 3746 Euripidem
571 3662 656 3725 sicut
686 3660 739 3726 alii
770 3661 918 3726 fecerunt
948 3661 1012 3725 hoc
1036 3661 1173 3726 verbum
1205 3663 1305 3726 etiam

129 3787 319 3851 adhibuisse
342 3806 383 3849 ea
405 3786 538 3849 notione
562 3805 626 3866 qua
650 3784 767 3847 Latine
791 3783 967 3847 adhibetur
982 3785 1120 3848 verbum
1136 3785 1306 3868 deprecari

127 3927 193 3974 sc.:
218 3916 262 3971 ut
291 3905 458 3990 aliquid
488 3926 509 3970 a
540 3926 602 3969 me
633 3906 718 3988 (παρ’
744 3904 828 3988 ἐμοῦ)
858 3904 981 3970 absit.

174 4031 250 4094 Hoc
278 4049 375 4093 sensu
405 4028 591 4112 praeditum
624 4026 839 4108 παραιτεῖσθαι
862 4027 1003 4090 occurrit
1026 4027 1191 4091 Heraclid.
1222 4027 1305 4091 1026

127 4153 231 4226 κτεῖν’,
255 4150 288 4215 οὔ
311 4147 527 4230 παραιτοῦμαί
548 4171 583 4212 τε
605 4185 649 4198 -
672 4148 783 4222 occide,
807 4169 871 4212 nou
892 4149 1044 4231 deprecor
1064 4160 1104 4214 te.
1137 4147 1203 4232 Qui
1228 4169 1305 4211 usus

127 4274 255 4358 optime
277 4273 455 4338 illustratur
476 4271 551 4336 loco
574 4271 719 4336 Platonis
744 4271 902 4354 Respubl.
918 4293 951 4355 p.
970 4273 1033 4354 387
1051 4267 1303 4352 παραιτησόμεθα
