3038 4808
171 290 192 352 6
685 294 832 368 τιιρεῖυοιι.

172 476 205 541 δὲ
229 478 285 552 τὴν
312 476 366 550 τὴν
390 472 459 556 ἄρτι
481 474 650 539 Νοιυτλόοιυ
674 473 977 564 τοιρῶυΙρΜευόλιιος,
1000 474 1035 552 ἕξ
1058 472 1092 541 οὗ
1112 477 1245 558 Τρωικὴν
1268 473 1350 544 εἶλεν

171 596 270 679 χόόυοι
280 595 406 686 ll‘Ene'un
421 622 457 662 τε
474 594 563 677 talpa
579 635 619 645 -
636 609 777 662 matrem
792 620 868 662 vera
884 609 974 662 tuam
991 599 1084 661 moda
1100 600 1149 662 ad
1159 600 1348 682 Naupliam

169 722 323 784 advectus
352 720 536 795 Menelaus,
568 741 610 783 en
641 741 703 803 quo
741 719 920 783 Traianum
946 721 1151 802 expugnavit
1172 743 1292 804 agrum
1316 732 1350 785 et

169 843 298 906 Helena
331 842 493 923 sepelibat.
551 842 685 924 Hippol.
719 843 783 920 804
816 862 865 925 sq.
898 838 966 921 ἄρτι
997 841 1057 920 vaip
1090 841 1178 918 κᾶγιδ
1211 840 1346 930 δόμουςΗ

169 967 276 1039 Θησεῦ,
293 960 419 1044 τᾶρειμι
435 967 491 1026 σῶν
507 968 609 1026 κυκῶν
626 962 788 1044 τευόότριοι
802 999 843 1010 —-
854 965 947 1026 mado
961 963 1047 1027 enim
1064 975 1096 1027 et
1107 985 1165 1047 ego
1179 966 1227 1028 ad
1239 967 1346 1040 aedes,

176 1087 328 1162 Theseus,
360 1087 491 1160 adveni,
524 1096 651 1150 tuarum
679 1087 842 1150 malarum
864 1087 1075 1167 deploratriu.
1123 1086 1250 1151 Codex*
1264 1088 1349 1151 Mar·
1416 1142 1418 1146 ,

169 1211 281 1272 cianus
305 1209 370 1292 (A),
395 1209 557 1271 Parisinus
580 1209 631 1291 (a),
657 1209 839 1289 Vaticanus
863 1208 911 1290 (Β)
934 1206 1036 1284 δόμοις
1059 1207 1193 1271 habent.
1220 1208 1349 1292 Optimi

169 1331 301 1393 codices
329 1339 405 1392 sunt
435 1330 468 1392 A
492 1338 525 1394 et
548 1352 568 1392 a
590 1328 686 1393 xllt'
708 1329 840 1402 saeculi,
865 1329 925 1392 sed
948 1330 1056 1392 codex
1079 1329 1241 1393 Parisinus
1265 1330 1349 1394 alter

169 1452 220 1535 (E)
251 1453 307 1534 qui
338 1453 475 1534 praebet
506 1451 681 1514 lectionem
712 1447 824 1527 δόμους
854 1451 896 1513 ab
928 1452 1046 1514 eadem
1077 1461 1170 1534 parte
1193 1459 1268 1514 stat.
1293 1451 1347 1534 (cs.

168 1575 310 1636 Prinzius
341 1575 374 1636 in
404 1574 609 1657 praefatione
641 1573 684 1636 ad
715 1573 869 1635 Medeam
899 1596 932 1657 p.
966 1573 1049 1637 VII:
1075 1573 1197 1637 artiore
1219 1573 1348 1636 vincula
1414 1572 1417 1576 ’

169 1696 273 1760 iuncti
302 1707 380 1761 sunt
412 1696 438 1758 B
470 1696 511 1770 E,
542 1696 685 1760 medium
717 1696 879 1778 quendam
909 1697 1012 1759 lacum
1043 1704 1129 1759 tenet
1156 1695 1198 1778 a.)
1229 1694 1348 1774 Codex

170 1818 369 1882 Havniensis
400 1818 449 1901 (C)
481 1839 581 1902 quern
611 1839 655 1881 ex
685 1819 804 1881 eodem
835 1818 925 1880 sonte
957 1837 995 1882 ac
1020 1817 1046 1880 B
1070 1817 1251 1881 derivatum
1275 1839 1347 1882 esse

167 1943 246 2004 dicit
277 1941 430 2015 Prinzius‚
459 1939 573 2018 δόμους
595 1941 705 2004 habet.
753 1940 892 2004 Codices
915 1940 1047 2003 alterius
1071 1940 1193 2013 classis,
1216 1939 1348 2003 Floren-

168 2065 254 2125 tinus
285 2063 335 2144 (L)
367 2073 400 2126 et
429 2063 595 2126 Palatinus
618 2063 664 2145 (P)
688 2060 798 2138 δόμους
820 2062 953 2125 habent.
1001 2063 1096 2125 Haec
1119 2061 1230 2125 classis
1254 2063 1348 2143 plura

169 2185 249 2247 vitia
272 2186 359 2266 cepit
382 2205 480 2266 quam
503 2185 600 2265 prior,
626 2185 685 2246 sed
709 2204 793 2256 „nou
813 2184 915 2246 multa
931 2184 1073 2246 deterior
1086 2204 1124 2245 ac
1138 2204 1348 2265 nequaquam

169 2307 275 2370 hercle
311 2309 539 2371 contemnenda
578 2308 655 2380 est,''
696 2316 829 2370 auctore
863 2306 990 2368 Prinzio
1025 2306 1159 2388 (ibidem
1194 2326 1226 2387 p.
1261 2305 1347 2388 VII).

170 2428 359 2493 Consensus
391 2430 541 2492 codicum
573 2430 742 2493 ambarum
773 2430 924 2492 classium
953 2428 992 2511 (E
1017 2428 1043 2492 C
1068 2437 1101 2491 et
1125 2429 1153 2490 L
1176 2428 1210 2511 P)
1235 2435 1351 2492 monet

171 2558 208 2612 ut
233 2571 404 2612 servemus
427 2551 602 2615 lectionem
627 2548 746 2628 δόμους.
793 2551 1001 2614 Vocabulum
1025 2546 1094 2628 ἄρτι
1117 2551 1262 2632 cogitare
1287 2569 1348 2612 nos

170 2673 260 2754 cogit
291 2673 333 2734 de
365 2674 520 2748 adventu,
546 2682 581 2735 ut
605 2674 637 2735 in
663 2673 793 2736 Electra
817 2674 926 2754 (1278)
950 2669 1018 2752 ἄρτι
1041 2670 1210 2735 Νοιυτλόοιυ
1233 2668 1348 2750 τοιρόυ.

174 2787 302 2870 τᾶρειμι
333 2813 414 2875 ergo
443 2814 509 2856 non
541 2794 646 2856 solum
671 2802 783 2858 nostro
807 2795 880 2857 loco
905 2794 1078 2876 Hippolyti
1103 2794 1262 2869 „adsum”
1288 2795 1348 2857 sed

171 2915 270 2977 etiam
295 2915 465 2988 „adveni”
481 2915 652 2998 significat,
670 2936 771 2997 quare
787 2917 906 2979 rectius
921 2937 996 2979 cum
1012 2916 1200 2978 accusativo
1217 2917 1349 2978 coniun-

170 3038 265 3118 gitur.
312 3037 486 3100 Peculiaris
510 3038 607 3101 lectio
631 3036 741 3115 δόμους
763 3039 856 3102 facile
881 3060 900 3102 a
923 3048 1107 3102 correctore
1131 3047 1256 3100 mutata
1273 3058 1348 3102 esse

170 3163 280 3235 potest
302 3156 335 3216 in
360 3152 472 3230 δόμοις.

216 3275 361 3359 Cyclops
392 3295 436 3356 94
466 3298 513 3360 sq.
546 3278 620 3340 ἄλλ’
650 3273 761 3356 ἥσυχοι
792 3246 932 3354 γόγυετό,
965 3273 999 3339 i‘u'
1023 3273 1345 3364 innuliusialluiine

172 3393 290 3476 τᾶρεισι
313 3398 437 3461 Σικελὸν
462 3399 601 3463 Αἷτυοιῖου
625 3395 726 3475 naivire
750 3435 793 3446 -
816 3400 875 3462 sed
896 3399 990 3462 taciti
1009 3399 1093 3472 sitis,
1117 3409 1154 3461 ut
1168 3399 1348 3461 audiamus

171 3522 256 3582 uude
278 3523 430 3585 accedant
450 3523 501 3585 ad
519 3521 664 3585 Siculam
688 3523 847 3585 Aetneam
871 3533 994 3603 rupem.
1041 3523 1078 3584 ln
1102 3523 1219 3584 eadem
1236 3520 1349 3583 sabula

172 3661 217 3702 vs.
255 3642 333 3704 106:
366 3639 452 3705 τόόευ
483 3640 624 3705 Σικειόοιυ
652 3641 743 3716 τήνδε
766 3649 939 3707 iuvaretur
963 3639 1068 3721 τᾶρει;
1094 3643 1178 3704 uude
1201 3642 1249 3704 ad
1269 3639 1348 3703 Sici·

171 3762 252 3825 liam
290 3763 376 3826 lianc
413 3767 577 3848 navigans
615 3762 806 3829 advenisti?
852 3764 963 3826 Malim
998 3775 1109 3827 tamen
1144 3765 1347 3843 coniungere

171 3881 313 3947 Σικελόοιυ
336 3884 428 3958 τόνδε
451 3893 633 3950 navarram.
680 3888 811 3950 Etenim
835 3887 898 3949 hoc
921 3886 988 3949 sere
1011 3905 1145 3967 rogasse
1163 3883 1348 3966 Cyclopem

171 4009 374 4086 putaverim:
408 4010 604 4082 „Undeuam
635 4011 670 4073 in
700 4010 851 4074 Siciliam
882 4030 965 4071 nave
986 4009 1153 4089 profectus
1183 4026 1266 4068 uuna
1294 4004 1350 4068 lu'c

172 4126 295 4190 adest'’
321 4129 468 4193 Verbum
485 4137 623 4211 τοιρεῖυοιι
639 4131 737 4195 finem
755 4141 864 4194 motus
879 4139 1008 4194 tantum
1025 4129 1156 4202 indicat,
1169 4132 1348 4218 υοιυστολεόυ

171 4258 297 4313 motum
320 4252 438 4334 ipsum.
