3038 4808
172 320 217 368 20
684 296 842 381 παρέχειν.

172 489 240 555 Sed
272 487 419 570 παρέχειν
450 486 532 562 δίκην
562 489 650 570 apud
681 497 810 551 ceteros
840 489 982 572 tragicos
1012 507 1079 550 non
1109 486 1229 550 inveni.
1254 485 1348 550 Idem

171 612 259 676 valet
288 621 388 694 atque
419 609 532 675 διδόναι
563 608 644 684 δίκην
674 612 764 693 apud
795 610 876 674 alios
898 630 960 673 nec
983 630 1049 672 non
1073 610 1162 692 apud
1186 617 1346 672 nostrum.

171 735 242 818 Iph.
274 734 372 798 Taur.
405 751 470 815 942
502 755 574 817 sqq.
604 729 819 810 ἠλαυνόμεσθα
842 728 986 814 Φυγάδες
1007 730 1133 808 ἐμμανῆ
1157 725 1349 817 abablio?

170 857 211 928 rie
236 857 367 931 Ἀθάνας
390 855 426 930 δή
451 862 485 932 μ’
509 851 635 934 ἔπεμψε
659 851 890 943 ΑοξόαςΙθθόκνν
907 858 1082 934 παρασχεῖν
1097 857 1168 922 ταῖς
1182 849 1348 928 άνωνύαωε

171 979 251 1049 θεαῖς
263 978 517 1060 -fnribnndns
532 977 630 1041 exsul
633 977 786 1059 pellebar
802 977 882 1040 dum
897 975 1046 1040 Athenas
1061 996 1113 1038 me
1128 975 1221 1039 misit
1231 975 1348 1056 Apollo

170 1111 208 1164 ut
221 1113 348 1182 poenas
369 1099 526 1162 solverem
549 1121 612 1162 nan
635 1097 843 1161 nominandis
865 1098 998 1161 deabus.
1022 1097 1107 1159 Item
1131 1095 1266 1178 Hippol.
1291 1113 1346 1176 49,

171 1221 333 1284 Androm.
367 1234 460 1300 1107,
486 1220 541 1282 ubi
564 1218 681 1301 plurali
706 1239 843 1282 numero
866 1238 943 1282 usus
966 1229 1016 1282 est
1038 1215 1136 1302 (δόντας
1158 1217 1348 1300 παρασχεῖν)

170 1343 338 1406 Phoeniss.
375 1342 459 1421 1654
489 1339 542 1404 uui
573 1340 615 1421 τῷ
648 1337 743 1422 τάφῳ
774 1363 824 1403 νων
845 1340 902 1414 τὴν
925 1339 1007 1415 δίκην
1031 1337 1223 1420 παρασχέτω
1248 1349 1350 1403 —et

168 1467 337 1548 sepultura
359 1485 442 1528 nunc
459 1463 639 1546 (meritam)
648 1475 792 1545 poenam
807 1465 893 1528 dato.
918 1463 1085 1528 Articulus
1100 1462 1260 1525 maiorem
1277 1463 1347 1526 vim

170 1588 264 1652 addit
286 1587 327 1650 cf.
354 1584 519 1648 Heraclid.
549 1599 628 1665 1025
656 1579 741 1658 οὗτος
763 1582 797 1647 δὲ
822 1582 909 1648 δόσει
931 1585 988 1659 τὴν
1010 1582 1093 1658 δίκην
1115 1581 1207 1649 θανὼν
1223 1580 1347 1659 ἐμοί-

169 1706 222 1768 hic
243 1725 320 1768 vero
342 1703 530 1784 interfectus
549 1702 713 1784 (meritas)
722 1713 850 1784 poenas
865 1701 952 1766 mihi
962 1702 1064 1766 dabit.
1088 1703 1171 1766 Item
1187 1701 1346 1786 Sophocl.

170 1824 254 1890 Oed.
279 1826 319 1888 R.
347 1838 420 1905 552.

213 1948 308 2012 Unus
331 1946 422 2009 locus
447 1947 535 2029 apud
558 1944 750 2028 Euripidem
777 1954 886 2008 exstat
908 1944 964 2008 ubi
987 1966 1062 2008 cum
1081 1946 1212 2010 duobus
1228 1948 1347 2012 dativis

168 2069 376 2150 coniungitur
407 2064 574 2147 παρέχειν;
608 2066 739 2131 Helena
775 2069 859 2145 1248
890 2065 925 2130 τό
949 2089 994 2130 σοι
1016 2064 1173 2148 παράσχω
1197 2066 1281 2143 δῆτα
1303 2067 1346 2151 τῴ

168 2187 336 2292 τεθνηκότα
360 2224 404 2238 -
427 2189 512 2272 quid
530 2188 592 2252 tibi
602 2199 769 2270 praestem
785 2199 850 2270 pro
873 2185 1025 2252 mortuo?
1047 2187 1094 2253 σοό
1114 2190 1244 2254 dativus
1267 2193 1346 2255 reci-

168 2313 298 2396 pientis,
322 2311 363 2390 τῷ
387 2308 540 2384 τεθνηκότι
562 2312 691 2374 dativus
715 2312 882 2374 commodi
906 2321 967 2374 est.

213 2432 334 2495 Troad.
361 2435 423 2512 308
449 2441 482 2495 et
506 2431 597 2514 Cycl.
623 2449 685 2512 203
712 2429 861 2512 παρέχειν
876 2432 1031 2514 peculiari
1045 2453 1142 2496 sensu
1159 2433 1344 2497 adhibetur.

169 2556 279 2619 Priore
309 2555 383 2619 loco
415 2557 574 2639 legimus:
602 2550 709 2635 άνεχε,
735 2550 867 2635 πάρεχε,
892 2557 958 2635 Φῶς
981 2551 1063 2635 Φέρε·
1088 2552 1182 2632 σε’βω,
1205 2554 1316 2635 <palpo
1331 2553 1343 2643 Η

168 2675 319 2754 λαμπάσι
348 2674 412 2741 τοθ’
445 2674 516 2757 ἱερόν
547 2714 589 2724 -
620 2677 740 2751 inhibe,
767 2677 889 2758 praebe
914 2677 1018 2752 viam,
1032 2678 1095 2757 fer
1116 2677 1245 2758 lumen;
1268 2679 1343 2754 colo,

168 2799 298 2863 illustro
318 2799 455 2880 facibus
485 2799 544 2862 hoe
572 2799 735 2863 sacellum.
769 2798 886 2862 Altero
917 2798 1001 2871 loc0,
1033 2797 1125 2880 Cycl.
1150 2816 1212 2879 203
1238 2796 1345 2880 άνεχε,

169 2917 300 3002 πάρεχε,
325 2919 358 2984 τό
370 2918 468 2996 τάδε;
485 2918 532 2992 τίς
547 2921 564 2994 ἡ
581 2918 728 3004 ῥαθυμόα;
740 2917 754 3008 li
764 2917 798 2983 ri
811 2916 1004 3000 βακχιάζετ’
1016 2940 1023 2998 ;
1035 2958 1080 2967 -
1091 2920 1212 2996 inhibe,
1220 2924 1345 3003 praebe

166 3043 269 3116 viam,
294 3043 455 3126 quidhoc
476 3045 549 3107 est?
571 3044 646 3125 quis
668 3043 723 3106 hic
746 3039 867 3106 lusus?
890 3043 974 3125 quid
993 3040 1220 3107 bacchamini?
1244 3042 1344 3107 Scho

167 3165 277 3228 liastes
308 3165 350 3227 ad
380 3164 502 3227 Troad.
537 3165 599 3244 308
631 3166 784 3228 adnotat:
818 3161 923 3244 άνεχε,
956 3160 1094 3245 πάρεχει
1119 3164 1156 3235 ὥς
1179 3162 1253 3244 πρός
1276 3187 1344 3229 τωα

168 3292 298 3350 ποιεῖται
321 3285 372 3349 τόν
396 3283 488 3362 λόχον
512 3285 745 3369 δαδονχοῦνταε
769 3284 936 3366 άναχόιρει,
958 3284 1037 3366 <puel
1056 3285 1108 3350 nui
1129 3283 1252 3367 πάρεχε
1268 3285 1343 3352 όδόν.

167 3405 296 3471 δύναται
320 3405 354 3469 δὲ
378 3405 454 3486 πρὸς
477 3407 589 3480 inuria
612 3406 712 3483 λέγειν
735 3405 805 3471 άντὶ
829 3409 882 3471 τοῦ
898 3402 995 3488 άνεχε
1009 3406 1062 3471 καὶ
1078 3405 1161 3487 φέρε.
1185 3408 1344 3473 Extrema

167 3530 330 3593 sententia
364 3531 473 3612 potius
508 3531 649 3595 abesset.
686 3526 792 3610 άνεχε,
830 3526 953 3610 πάρεχε
985 3528 1169 3612 significare
1200 3530 1343 3607 „inhibe,

159 3652 284 3733 praebe
305 3651 417 3715 oiam’'
443 3650 652 3714 confirmatur
674 3652 748 3715 loco
773 3652 1018 3734 Aristophaneo
1037 3651 1154 3735 (Vesp.
1177 3653 1271 3737 1328)
1288 3653 1344 3716 ubi

167 3772 340 3835 amborum
380 3773 648 3855 imperativorum
687 3774 804 3836 eadem
840 3783 890 3836 est
924 3775 1032 3837 notio:
1068 3770 1174 3853 άνεχε,
1209 3770 1342 3856 πάρεχε·

166 3890 344 3956 κλαύσεταί
369 3916 416 3964 τις
439 3898 498 3957 τῶν
521 3891 638 3957 όπισθεν
654 3891 935 3958 ἐπακολουθούντων
951 3893 1020 3972 ε’μοθ
1032 3933 1076 3942 -
1091 3896 1210 3970 inhibe,
1219 3897 1345 3979 praebe

167 4015 278 4092 viam,·
293 4015 443 4096 plorabit
462 4016 587 4099 aliquis
610 4038 720 4080 eorum
744 4017 804 4100 qui
824 4039 846 4081 a
869 4027 959 4100 tergo
982 4040 1033 4081 me
1053 4029 1243 4100 sequnntur.
1267 4020 1343 4084 Hoc

166 4136 240 4200 loco
264 4145 393 4198 constat
408 4132 505 4216 άνεχε
529 4144 562 4200 et
580 4133 702 4217 πάρεχε
719 4158 784 4200 non
801 4138 865 4201 dici
886 4140 928 4200 de
944 4138 1069 4202 facibus
1084 4139 1255 4218 tollendis;
1272 4141 1342 4222 ipse

167 4259 256 4322 enim
287 4259 454 4323 Philocleo
470 4304 471 4308 ,
486 4259 592 4323 facem
614 4267 708 4324 tenet
733 4281 840 4342 neque
865 4262 1011 4325 convivis
1034 4263 1174 4345 imperat
1196 4273 1232 4326 ut
1255 4262 1342 4327 iaces
