3038 4808
599 1141 820 1217 CAPUT
852 1143 902 1215 ll.
1001 1159 1003 1164 ·

272 1341 475 1424 Praepositae
497 1338 583 1422 παρα
605 1341 728 1406 indicat
747 1341 903 1407 actionem
925 1341 1021 1406 verbo
1043 1351 1234 1423 expressam

362 1472 499 1546 praeter
519 1462 668 1545 aliquam
682 1475 859 1546 personam
883 1472 944 1527 aut
962 1483 1032 1527 rem
1046 1463 1138 1544 fiam.

213 1858 428 1943 παρέρχεσθαι.
475 1863 667 1948 (παρελθεῖν).

212 2017 487 2082 Praecedentibus
509 2017 589 2081 locis
612 2017 698 2098 παρα
716 2017 901 2100 praeditum
916 2016 1050 2080 notione
1065 2016 1159 2081 iuxta
1177 2015 1340 2081 videmus.

169 2139 337 2202 Interdum
348 2149 458 2202 autem
466 2161 542 2204 cum
551 2140 658 2204 verbis
669 2147 795 2202 motum
803 2138 1051 2222 designantibus
1059 2139 1294 2221 compositum,
1305 2147 1342 2202 ut

168 2262 233 2324 iam
249 2260 355 2323 obiter
370 2258 659 2321 animadvertimus
677 2258 720 2321 ad
736 2257 873 2320 verbum
889 2252 1076 2336 παραφέρειν
1091 2254 1143 2339 (cf.
1159 2276 1191 2338 p.
1207 2272 1258 2336 30,
1275 2256 1341 2340 31.)

160 2391 297 2463 praeter
317 2378 500 2464 significare
523 2386 642 2462 potest,
665 2379 692 2442 si
715 2398 856 2462 persona
870 2378 923 2442 vel
937 2397 990 2442 res
1005 2378 1096 2441 iuxta
1111 2397 1212 2460 quam
1228 2385 1338 2441 motus

167 2503 213 2577 fit,
247 2523 308 2566 suo
336 2502 410 2565 loco
442 2508 554 2565 manet
583 2519 691 2582 neque
721 2520 787 2563 una
816 2519 893 2563 cum
920 2499 1031 2584 agenti
1054 2518 1199 2582 persona
1222 2497 1276 2563 vel
1297 2519 1335 2562 re

168 2631 328 2686 movetur.
374 2621 473 2686 Actio
498 2622 589 2685 verbi
620 2640 686 2685 non
716 2620 822 2685 solum
850 2620 944 2685 iuxta
973 2621 1116 2704 aliquem
1139 2621 1192 2684 vel
1215 2619 1340 2703 aliquid

168 2743 205 2806 fit
226 2746 285 2807 sed
309 2745 516 2807 continuatur
538 2763 678 2827 persona
699 2742 752 2806 vel
776 2762 811 2806 re
832 2743 1071 2826 praetermissa.

213 2863 496 2948 SImplicissimum
519 2863 710 2947 exemplum
732 2864 827 2928 huius
849 2883 926 2927 usus
948 2864 1086 2945 praebet
1107 2863 1247 2927 verbum
1263 2885 1340 2945 παρ-

167 2986 310 3067 έρχεσθαι
325 2988 416 3068 quod
427 2995 537 3049 tamen
550 2987 684 3067 proprio
696 3005 792 3049 sensu
804 2984 1032 3068 praetereundi
1044 2985 1133 3068 apud
1144 2983 1339 3067 Euripidem

168 3129 235 3172 non
258 3108 406 3172 occurrit.
452 3107 516 3190 (De
539 3106 641 3170 altera
662 3106 757 3170 locali
779 3107 915 3170 notione
936 3107 1001 3170 vid.
1025 3127 1053 3169 c.
1077 3105 1142 3188 V.).

217 3296 244 3341 1.
290 3276 463 3341 Localis
494 3297 606 3340 usus.

212 3413 464 3499 SignificatIonis
488 3435 600 3478 mere
623 3413 778 3478 localis
800 3415 962 3497 optimum
974 3412 1160 3496 exemplum
1174 3414 1340 3478 habemus

168 3538 255 3619 apud
287 3536 471 3600 Homerum
503 3536 596 3600 Iliad.
624 3536 714 3599 VIII.
746 3536 809 3616 238
834 3556 884 3618 sq.
906 3535 973 3599 τεὸν
996 3535 1184 3615 περικαλλέα
1209 3534 1314 3614 βωμὸν
1324 3534 1336 3624 Η

167 3655 211 3730 νηὶ
235 3655 416 3731 πολυκλήιδι
440 3654 640 3736 παρελθέμεν.

213 3845 243 3890 2.
289 3828 544 3891 Translatus
576 3846 685 3891 usus.

211 4014 241 4061 u.
288 3995 533 4079 neglegere.

211 4149 264 4211 Ex
293 4148 387 4211 locali
419 4150 553 4213 notione
583 4150 751 4216 translatio
781 4151 890 4226 oritur,
921 4172 1006 4235 quae
1029 4152 1193 4216 invenitur
1218 4150 1338 4236 Suppl.

168 4289 232 4352 229
247 4291 318 4354 sqq.
336 4270 366 4342 ἐς
381 4270 413 4334 δὲ
429 4267 591 4351 στρατείαν
607 4269 730 4345 πάντας
742 4270 895 4352 Ἀργείους
905 4267 997 4347 ἄγαν,
1007 4268 1019 4360 l}
1029 4268 1167 4349 μάντεων
1180 4270 1339 4349 λεγόντων
