3038 4808
487 341 705 424 παρεκτρέπειν
729 379 773 396 -
798 343 1024 426 παροχετεύειν.
1299 361 1337 428 55

161 535 284 615 pidem,
309 533 364 614 qui
380 532 444 595 hoc
460 553 526 594 uno
543 531 618 595 loco
635 530 853 612 παρεκτρέπειν
870 536 1048 615 usurpavit,
1065 534 1185 616 legitur
1200 534 1338 597 verbum

160 656 253 736 apud
276 654 486 718 Plutarchum
510 654 670 735 aliosque,
693 656 770 717 item
794 655 826 717 in
852 655 973 717 malam
997 665 1137 738 partem.
1177 656 1337 720 Plutarch.

164 776 279 839 Moral.
303 797 336 857 p.
366 793 427 854 114
450 775 491 846 εἷς
512 771 662 856 ύπρακτα
685 775 738 839 καὶ
763 775 943 856 βαρβαρικαὶ
959 776 1049 850 πένύκ
1066 775 1336 857 παρεκτρέπεσθαι.

208 966 436 1048 παροχετεύειν.

206 1140 360 1203 Proxime
390 1160 583 1222 praegresso
611 1141 713 1204 verbo
740 1142 868 1204 accedit
892 1139 1111 1220 παροχετεύειν
1135 1144 1225 1224 quod
1248 1144 1336 1207 idem

163 1273 263 1344 poeta
297 1262 487 1325 formavisse
519 1261 657 1337 videtur,
691 1283 889 1343 quamquam
922 1264 1064 1345 simplex
1094 1262 1247 1343 ὀχετεύειν
1271 1267 1337 1328 iam

161 1384 251 1464 apud
280 1382 484 1463 Aeschylum
515 1385 687 1459 invenitur,
718 1383 875 1447 translata
907 1386 1040 1449 notione
1064 1386 1184 1468 Agam.
1211 1386 1277 1465 840
1299 1387 1337 1458 ὥς

159 1503 236 1582 πρὸς
267 1499 340 1567 οἷκον
373 1502 544 1584 ὠχετεύετο
568 1502 675 1584 φύτις,
700 1507 833 1588 propria
856 1507 990 1568 notione
1014 1508 1103 1588 apud
1128 1507 1336 1571 Herodotum

161 1625 202 1690 ΙΙ.
226 1644 269 1706 99
293 1626 344 1690 τὸν
368 1627 512 1704 ποταμὸν
537 1628 711 1706 ὀχετεῦσαι.
759 1627 988 1710 Compositum
1012 1630 1107 1701 adest
1130 1629 1249 1691 Bacch.
1269 1645 1336 1712 479

158 1749 245 1810 τοῦτ’
270 1741 310 1811 αύ
334 1744 577 1828 παρωχέτευσας
599 1741 632 1810 εύ
655 1747 756 1811 κούδὲν
781 1745 879 1824 λέγων
894 1786 932 1794 -
947 1749 1006 1812 hoc
1026 1749 1145 1812 r'terum
1167 1751 1338 1815 declinasti

157 1878 242 1931 recte
265 1879 297 1932 et
310 1869 398 1932 nz'lu'l
409 1871 526 1933 dicens,
573 1870 775 1951 Praepositio
794 1866 878 1948 παρύ
895 1871 1017 1933 indicat
1032 1870 1218 1952 Dionysum
1233 1874 1336 1936 verba

160 1989 296 2052 Penthei
322 1993 477 2054 avertisse
501 2012 520 2054 a
534 1999 626 2053 recta
642 1993 705 2064 via,
722 2011 787 2072 qua
803 2013 880 2054 vera
896 1993 1040 2054 invenire
1056 1992 1219 2055 Pentheus
1235 1995 1335 2076 cupit.

204 2111 337 2193 Propria
372 2132 431 2175 sua
467 2114 498 2173 vi
533 2113 576 2175 de
611 2113 826 2175 subducenda
860 2133 947 2195 aqua
980 2115 1081 2176 verbo
1117 2112 1336 2195 παροχετεύειν

157 2253 234 2296 usus
266 2243 316 2297 est
346 2233 547 2308 Plutarchus,
582 2234 743 2298 Themist.
776 2256 805 2297 c.
840 2253 876 2316 31
912 2234 1100 2316 ὑφῃρημένος
1125 2235 1160 2300 τὸ
1184 2234 1258 2316 ὕδωρ
1282 2237 1334 2301 καὶ

156 2353 404 2436 παροχετεύσας.
