3038 4808
650 348 853 423 παρακαλεῖν.
1302 361 1341 427 71

210 529 242 595 l).
289 527 519 593 Translate
556 529 718 611 significat
750 535 944 609 παρακαλεῖν
978 530 1121 595 incitare.
1175 530 1343 596 Phoeniss.

169 663 255 731 1254
284 647 356 714 ‘roll'
388 647 527 730 ἠγόρευον
557 653 809 731 παρακαλοῦντες
841 650 872 724 ἐς
895 649 1007 731 μάχην
1031 688 1073 700 -
1097 652 1177 715 hoec
1197 652 1347 718 dicebant

162 772 334 837 incitantes
355 773 405 836 ad
415 784 586 837 certamen.
632 773 785 856 Xenoph.
804 773 929 839 Oecon.
947 774 1005 838 III.
1024 790 1054 855 7.
1072 773 1124 838 ἐπὶ
1142 771 1225 854 ἔργον
1245 798 1343 856 παρα

160 899 279 958 καλεῖν.
326 892 453 964 Sensus,
472 895 626 958 motionis
648 903 766 970 restat;
784 895 946 959 indicatur
960 906 1107 960 mentem
1124 895 1177 960 vel
1193 898 1341 961 animum

162 1014 298 1079 alicuius
321 1016 446 1079 incitari
470 1024 507 1080 ut
523 1017 566 1080 ad
583 1016 705 1100 aliquid
721 1027 903 1081 moveatur.
951 1017 1059 1082 Orest.
1082 1020 1167 1098 1584
1181 1016 1215 1082 πί
1228 1027 1341 1098 χρῆμα

160 1133 289 1218 opicae
326 1142 519 1217 παρακαλεῖς
552 1136 612 1218 γαρ
644 1137 676 1210 ἐς
706 1135 807 1219 φόβον
839 1174 882 1184 -
918 1136 1010 1215 Quid
1026 1137 1170 1221 facere?
1200 1140 1342 1222 impellis

161 1258 247 1323 enirn
278 1260 359 1341 (me)
389 1259 425 1322 in
455 1270 620 1323 terrorem.
667 1257 883 1323 Scholiastes:
911 1266 1095 1339 παρακινεῖς,
1120 1281 1186 1324 non
1211 1282 1339 1325 accura-

158 1380 284 1444 tissime
318 1401 395 1444 nam
431 1400 498 1444 non
527 1379 718 1462 simpliciter
749 1379 889 1443 affirmat
920 1381 1091 1444 Menelaus
1120 1391 1247 1445 metum
1278 1383 1339 1446 sibi

161 1501 286 1565 moveri
310 1501 418 1564 verbis
442 1499 579 1577 Orestis,
603 1501 663 1564 sed
686 1500 750 1564 hoc
773 1501 869 1564 dicit:
891 1501 1032 1583 impellis
1047 1523 1099 1566 me
1115 1513 1153 1566 ut
1166 1503 1246 1567 noni
1258 1504 1344 1587 quid

156 1643 182 1686 a
205 1632 236 1685 te
269 1632 422 1696 metuam,
448 1632 485 1686 nt
505 1643 640 1686 caveam
663 1631 703 1685 te.
750 1620 856 1704 Iphig.
880 1621 957 1684 Aul.
981 1638 1046 1703 497
1071 1643 1120 1705 sq.
1142 1621 1178 1685 σὺ
1203 1623 1230 1687 δ’
1247 1621 1338 1701 ὄμμα

157 1746 279 1808 παῦσαν
314 1741 451 1823 δακρύοις
484 1741 605 1820 τέγγων
638 1742 672 1807 τὸ
708 1738 935 1830 πόκΗνὶδελφὲ,
970 1742 1053 1820 nial
1087 1749 1276 1823 παρακαλῶν
1307 1745 1339 1818 ἐς

155 1863 276 1946 δεῖκρνα
299 1903 340 1913 -
365 1877 401 1930 tn
424 1887 501 1929 nero
523 1865 641 1929 desiste
662 1865 769 1929 oculos
791 1875 863 1929 tuos
886 1864 1031 1948 irm'gore
1046 1865 1202 1941 lacrimis,
1211 1869 1336 1948 frater,

155 2008 229 2051 cnm
260 1997 294 2051 et
324 2008 377 2050 me
401 1996 558 2068 provoces
592 1987 641 2049 aa'
668 1987 835 2050 lacrimas.
883 1986 1023 2050 Duobus
1052 1989 1225 2068 postremis
1257 1988 1337 2053 locis

156 2109 261 2173 ironia
284 2109 448 2192 quaedam
471 2108 574 2184 adest,
599 2109 626 2172 si
650 2108 939 2172 animadvertimus
963 2109 1136 2172 discrimen
1160 2109 1243 2173 inter
1267 2110 1334 2174 vim

152 2230 299 2294 alacrem
323 2239 357 2294 et
378 2229 591 2293 suscitantem
609 2230 700 2293 verbi
719 2235 920 2309 παρακαλεῖν,
940 2231 1030 2312 quod
1045 2229 1146 2314 vulgo
1161 2232 1336 2295 adhibetur

155 2360 193 2415 ut
214 2351 366 2415 incitetur
387 2351 505 2432 aliquis
529 2351 571 2414 ad
594 2349 742 2413 laborem
765 2349 818 2414 vel
841 2370 924 2432 opus
947 2351 1128 2433 quoddam,
1152 2359 1187 2414 et
1208 2351 1333 2416 tristem

154 2474 306 2536 timorem
337 2492 376 2536 ac
407 2471 565 2535 lacrimas.
613 2472 716 2555 Apud
746 2471 828 2535 alios
859 2480 1011 2536 auctores
1033 2471 1096 2536 hoc
1120 2473 1260 2536 verbum
1285 2476 1332 2538 sic
1417 2473 1421 2481 ’

153 2603 347 2678 usurpatum
370 2614 438 2657 non
462 2594 580 2657 inveni.

200 2715 286 2780 Cum
304 2715 541 2791 ,infinitivo
574 2724 608 2778 ut
631 2713 720 2798 apud
743 2723 873 2779 ceteros
888 2715 1065 2797 scriptores
1081 2715 1169 2797 apud
1185 2724 1333 2779 nostrum

152 2858 289 2922 quoque
311 2838 485 2920 reperitur:
507 2835 599 2918 Cycl.
620 2836 682 2918 156
694 2835 810 2914 βαβαί,
828 2839 972 2916 χορεῦσαι
989 2842 1170 2916 παρακαλεῖ
1180 2844 1215 2913 μ’
1229 2835 1243 2900 o‘
1259 2834 1335 2900 Boin·

151 2978 226 3037 χννς
239 2995 276 3004 -
285 2965 417 3040 papae!
439 2959 489 3023 ad
506 2953 714 3022 saltationem
737 2979 790 3021 me
811 2957 934 3022 invitat
953 2957 1112 3023 Bocchus.
1144 2957 1227 3021 Fere
1244 2958 1334 3021 idem

152 3086 205 3142 est
228 3100 306 3144 usus
320 3101 421 3162 quem
437 3100 536 3162 supra
551 3079 794 3156 illustravimus,
812 3086 1003 3160 παρακαλεῖν
1020 3082 1164 3160 χορεῦσαι
1180 3080 1267 3143 enim
1283 3086 1333 3142 est

156 3207 350 3282 παρακαλεῖν
373 3201 404 3275 ἐς
428 3199 577 3281 χόρενσνν.
624 3201 879 3266 Subaudiendus
902 3201 1080 3264 infinitivus
1101 3209 1150 3264 est
1166 3200 1333 3264 Androm.

152 3321 221 3401 650
251 3344 299 3405 sq.
332 3317 365 3396 ἣν
396 3330 475 3403 χρῆν
506 3323 534 3385 a’
559 3319 693 3386 ε’λαύνενν
717 3321 775 3398 γὴν
799 3320 855 3401 πρὸ
879 3328 938 3397 γῆς
960 3320 1072 3385 Νείλου
1097 3317 1272 3408 ῥναςΗὺπέρ
1297 3344 1333 3384 πε

150 3445 248 3508 <trion
278 3444 362 3522 καμὲ
394 3449 586 3524 παρακαλεῖν
609 3441 659 3507 olel
681 3480 721 3492 -
746 3464 847 3524 qnam
870 3453 902 3506 te
923 3442 1088 3525 oportebat
1109 3442 1268 3524 expellere
1289 3445 1330 3508 cle

150 3575 244 3629 terra
277 3566 313 3630 in
342 3576 469 3630 terram
502 3565 591 3629 ultra
621 3566 699 3629 Nili
719 3564 853 3648 fluenta
883 3574 916 3628 et
944 3565 1034 3628 ultra
1063 3562 1194 3627 Phasin
1224 3573 1257 3626 et
1280 3585 1333 3628 me

150 3699 281 3770 semper
302 3689 351 3752 od
362 3687 422 3752 lcoc
436 3686 619 3752 adhortari.
667 3686 755 3751 Libri
771 3685 895 3749 habent
910 3684 996 3760 τήνδ’
1013 3681 1087 3765 ὑπὲρ
1103 3686 1193 3766 quod
1209 3684 1333 3749 Weck-

153 3804 249 3868 linius
281 3805 423 3868 mutavit
451 3806 484 3868 in
514 3804 573 3882 νίρν
606 3803 661 3886 πρὸ
692 3811 753 3880 mc
782 3803 914 3880 collato,
948 3812 984 3867 ut
1015 3805 1141 3886 opinor,
1172 3802 1331 3885 Aeschyl.

153 3927 318 3991 Prometh.
342 3927 408 3990 682
432 3924 565 4005 adonim
590 3924 653 4010 θεία
676 3934 735 4004 γῆν
761 3924 816 4006 πρὸ
840 3934 901 4003 γῆς
919 3922 1098 4003 ἐλαύνομαι.
1144 3926 1331 3992 Pronomeu

151 4046 239 4122 τήνδ’
280 4057 358 4132 post
397 4048 572 4114 relativum
607 4043 640 4123 liv
675 4067 754 4111 sane
789 4047 963 4112 molestum
996 4056 1057 4122 est,
1093 4049 1154 4112 sed
1188 4048 1333 4112 violenta

151 4170 291 4235 mutatio
321 4179 371 4234 est
401 4169 592 4248 Wecklinii;
625 4172 731 4252 magis
759 4169 840 4233 mihi
864 4169 972 4253 placet
994 4171 1182 4235 coniectura
1204 4167 1328 4232 Reiskii

150 4291 225 4366 πῆλ’
242 4289 325 4371 ὑπὲρ.
360 4289 514 4356 Alterum
528 4311 658 4356 versum
675 4291 757 4354 mire
768 4289 1025 4356 sollicitaverunt
1036 4291 1179 4356 editores
1191 4295 1329 4372 propter
