3038 4808
469 345 709 428 παρεξιέναι-
733 349 961 430 παραβάλλειν.
1266 370 1308 437 59

170 533 345 597 Dissimilis
381 543 432 597 est
463 535 512 597 vis
543 538 794 617 praepositionis
827 547 957 602 nostrae
987 541 1020 603 in
1051 542 1170 603 eodem
1204 544 1307 607 verbo

124 655 214 735 apud
238 655 433 728 Homerum,
459 655 580 737 Odyss.
606 657 646 719 X.
674 672 747 738 573,
771 660 836 738 ῥεῖα
860 657 1099 739 παρεξελθοῦσα.
1147 663 1309 745 Loquitur

126 785 227 857 poeta
251 777 293 839 de
317 776 420 850 Circe,
445 798 528 859 quae
552 778 647 842 facile
669 780 804 844 Ulixem
827 790 861 844 et
883 784 990 846 socios
1012 783 1118 848 latens
1142 785 1307 868 praeterit.

126 895 201 959 Hoc
232 896 317 972 loco,
350 898 433 960 sicut
463 919 564 980 saepe
595 902 684 982 apud
708 901 798 974 alios,
824 903 981 966 maiorem
1004 906 1072 967 vim
1096 906 1197 969 habet
1221 904 1307 987 παρά

127 1019 317 1099 praeditum
341 1019 476 1083 notione
510 1031 684 1102 praeter
718 1043 817 1104 quam
834 1027 1032 1105 praepositio
1049 1024 1094 1101 ἐξ.
1135 1028 1307 1092 Translate

124 1142 215 1222 apud
246 1139 447 1222 Sophoclem
478 1141 593 1225 Antig.
624 1159 685 1223 921
716 1141 951 1223 ’παρεξελθοῦσα
982 1146 1133 1225 δαιμόνων
1158 1147 1240 1224 δίκην
1263 1187 1308 1198 -

125 1276 338 1351 transgressa
361 1268 414 1331 ius
436 1269 582 1332 deorum.
629 1270 778 1334 Indicant
793 1271 1054 1354 praepositiones
1070 1271 1112 1334 ab
1129 1291 1197 1334 una
1212 1280 1307 1353 parte

128 1383 237 1470 (παρά)
260 1388 359 1451 finem
382 1389 460 1451 iuris
484 1392 664 1454 excessisse
687 1389 745 1473 (ἐξ)
768 1392 981 1475 Antigonam.

173 1578 402 1661 expetibilium.

169 1752 318 1818 Verbum
332 1749 551 1831 παραβάλλειν
563 1753 615 1816 hic
627 1775 724 1817 suum
735 1755 845 1817 locum
858 1754 979 1818 habere
994 1754 1046 1817 vel
1058 1775 1101 1817 ex
1116 1774 1157 1816 eo
1171 1762 1309 1836 apparet

123 1876 214 1959 quod
236 1874 325 1956 apud
348 1873 613 1956 Theophrastum
637 1875 811 1939 adhibetur
828 1877 870 1939 de
886 1885 1029 1938 stercore
1046 1877 1136 1957 quod
1153 1876 1306 1939 arborum

123 1995 287 2060 radicibus
318 1996 476 2070 adiicitur,
508 2015 541 2076 p.
572 2015 639 2078 449
669 2003 740 2070 παῖς
762 1997 916 2074 άμπὲλοις
938 1995 1047 2075 κόπρον
1072 1995 1303 2076 παραβάλλειν.

122 2118 235 2182 Paullo
266 2119 360 2181 aliter
390 2117 483 2179 Plato
516 2114 626 2178 media
655 2114 760 2177 forma
791 2135 868 2177 usus
902 2115 980 2176 dicit
1004 2114 1116 2177 fimum
1140 2115 1305 2178 radicibus

123 2241 271 2303 omnium
295 2239 481 2320 plantarum
506 2237 715 2299 vivacitatem
735 2235 858 2311 afferre,
871 2235 1001 2317 Protag.
1018 2252 1082 2316 334
1098 2235 1149 2299 A:
1168 2233 1306 2315 ἡκόπρος

123 2358 247 2425 πάντων
290 2365 349 2423 τῶν
392 2362 498 2439 Φυτῶν
541 2362 613 2430 παῖς
650 2356 706 2434 μὲν
740 2353 837 2437 ριζαῑς
870 2356 985 2432 οὶραθόν
1022 2357 1303 2437 παραβαλλομένη.

125 2484 303 2547 Ambobus
333 2482 423 2544 hisce
454 2481 533 2542 locis
567 2474 784 2559 παραβάλλειν
810 2480 932 2542 indicat
956 2479 1079 2560 aliquid
1104 2481 1149 2544 ita
1174 2477 1305 2558 βάλλειν

124 2603 204 2670 ὥστε
236 2610 374 2684 παρεῖναι
406 2601 472 2666 τίνι.
519 2602 649 2664 Fimum
680 2608 749 2663 tam
777 2609 865 2663 arcte
889 2602 1099 2684 coniungitur
1122 2623 1198 2664 cum
1222 2603 1305 2665 radi-

123 2729 217 2793 cibus
249 2737 285 2789 ut
315 2727 382 2788 vim
413 2726 564 2787 emittere
596 2723 698 2804 possit
726 2722 759 2784 iu
790 2723 962 2798 arborem;
996 2724 1116 2786 eodem
1140 2725 1251 2796 modo,
1277 2725 1303 2785 si

123 2851 202 2912 licet
225 2848 361 2930 pulchra
383 2867 459 2909 eum
485 2845 589 2908 foedis
613 2864 814 2926 comparare,
838 2845 871 2906 in
893 2845 1067 2927 tragoedia
1086 2840 1305 2923 παραβάλλειν

125 2973 169 3035 ab
201 2969 358 3050 Euripide
382 2976 556 3049 usurpatur
579 2967 621 3029 de
646 2974 742 3028 cantu
767 2964 898 3046 lugubri
922 2967 977 3047 qui
1001 2987 1076 3029 cum
1101 2967 1208 3028 alieno
1232 2987 1305 3028 coa-

125 3093 228 3168 lescit,
265 3090 371 3172 Iphig.
403 3089 502 3152 Taur.
539 3105 624 3168 1094
653 3108 700 3169 sq.
734 3084 793 3162 ε’νιό
826 3109 870 3150 σοι
901 3084 1305 3174 παραβάλλομαιθθθράνονς

124 3211 258 3293 άπτερος
276 3210 348 3292 όρνις
364 3215 383 3274 i.
398 3234 426 3274 e.
444 3210 503 3286 ἐγὼ
521 3218 584 3281 τοῖς
600 3215 661 3280 σοῖς
676 3207 784 3288 θρήνοις
800 3207 1054 3288 παραβάλλομαι
1070 3208 1142 3280 ποὺς
1158 3206 1249 3286 ἔμονς
1261 3245 1305 3258 -

125 3337 191 3400 tuis
213 3334 361 3398 cantibus
384 3333 544 3397 admisceo
567 3335 685 3396 luctum
709 3352 827 3415 meum,
850 3332 920 3394 ales
942 3332 1014 3394 sine
1038 3332 1112 3396 alis.

170 3458 223 3519 Ex
245 3455 307 3519 hac
331 3457 466 3518 notione
491 3454 575 3517 aliae
597 3453 774 3516 translatae
798 3461 889 3516 ortae
913 3460 1006 3515 sunt:

169 3717 199 3763 a.
245 3699 373 3760 quta
405 3718 447 3761 se
472 3695 616 3760 iacere
641 3695 817 3777 aliquid,
841 3704 885 3757 ut
908 3696 958 3758 de
982 3715 1030 3758 ea
1055 3715 1097 3757 re
1119 3695 1304 3768 ludatur,

124 3819 247 3883 aleae
277 3820 561 3893 committere,
592 3815 789 3900 periculo
820 3817 1034 3880 obiicere.
1074 3817 1306 3881 Mediaforma

123 3950 202 4004 tunc
236 3939 425 4002 adhibetur:
451 3940 587 4003 Homer.
612 3939 693 4001 lliad
717 3939 775 4001 IX.
801 3954 864 4019 322
888 3938 997 4017 ψυχὴν
1021 3937 1308 4019 παραβαλλόμενοι

126 4059 303 4140 πολεμίζειν
334 4061 487 4142 Thucyd.
520 4062 561 4125 ΙΙ.
586 4079 629 4139 44
653 4059 775 4131 παῖδας
799 4058 1075 4139 παραβαλλόμενοι
1098 4062 1151 4145 (cf.
1176 4059 1306 4141 παραπό-

125 4182 224 4247 θεοθαι
254 4184 346 4265 quod
377 4185 497 4247 eodem
528 4202 625 4245 sensu
658 4182 746 4264 apud
778 4182 963 4245 Homerum
993 4184 1158 4246 invenitur
1182 4181 1304 4261 Odyss.

125 4306 184 4369 Ill.
209 4321 253 4387 74
276 4304 389 4385 ψυχάς
413 4301 611 4388 παρθέμενοι),
