3038 4808
639 311 784 396 παριέναι.
1259 318 1301 399 67

122 527 156 589 p.
180 504 258 587 440)
282 502 373 584 Cycl.
401 516 460 584 591
488 523 538 586 sq.
563 501 605 582 τῷ
630 501 657 565 δ’
681 498 763 581 ίίπνῳ
789 500 1081 591 παρειμένοςίίπνίχ’
1106 501 1142 579 ἐξ
1164 502 1303 575 νίναιδοῦς

124 623 265 707 φνίρυμος
296 623 400 698 disicet
430 621 504 704 κρέα
528 659 571 672 -
593 645 705 688 somno
735 636 844 690 antem
876 626 1035 689 resolntns
1064 627 1125 689 cito
1147 648 1191 690 en
1211 627 1303 690 tetris

113 746 276 830 faucibus
299 746 404 810 eiiciet
423 767 547 810 carnes.
595 745 702 810 Oresc
727 747 787 810 881
817 745 867 810 τὸν
892 745 949 823 μὲν
970 751 1102 828 κατηφῆ
1126 746 1178 812 καί
1203 770 1303 827 παρει-

123 866 213 946 μένον
242 863 316 946 νόσῳ
340 904 384 916 -
405 867 492 932 leuno
520 868 649 932 tristem
678 879 712 932 et
734 869 930 952 languidum
955 869 1073 933 morbo.
1124 869 1161 932 In
1184 870 1303 933 eadem

123 987 237 1052 fabula
267 1008 316 1054 vs.
348 1004 414 1052 210
446 989 477 1052 οὐ
507 986 568 1070 γοίρ
599 995 634 1065 μ’
663 986 780 1069 αρέσκει
811 988 853 1068 τῷ
883 986 952 1053 λίαν
981 987 1217 1070 παρειμένῳ-
1239 1011 1302 1054 non

122 1109 210 1174 enim
233 1109 321 1173 milei
327 1109 440 1191 placet
453 1109 558 1173 nimio
574 1109 772 1174 remissione.
819 1111 923 1174 Recte
938 1110 1130 1174 scholiastes
1146 1111 1300 1174 adnotat:

123 1228 166 1311 τῴ
189 1229 260 1295 λίαν
276 1228 444 1310 παρειμένῳ
462 1228 626 1304 drocensi
642 1230 677 1294 πὸ
693 1229 764 1296 λίαν
781 1230 961 1311 παρειμένον
977 1230 1031 1296 καί
1047 1231 1246 1309 ἐκλελυμένον
1257 1269 1302 1280 -

123 1355 213 1438 qnod
230 1355 348 1418 attinet
368 1354 417 1417 ad
427 1355 630 1438 languorem.
676 1354 831 1418 Neutrius
847 1354 981 1436 generis
997 1352 1039 1432 τῷ
1056 1351 1224 1432 παρειμένῳ
1241 1362 1300 1416 est.

167 1474 292 1539 Alcest.
325 1492 391 1555 204
420 1496 492 1559 sqq.
520 1475 684 1555 παρειμένος
708 1472 751 1552 δέ,
776 1473 877 1556 χειρὸς
899 1469 1000 1537 ν’ίίλιον
1024 1469 1244 1561 βοίρος,Ιίίμοις
1267 1472 1301 1537 δέ

122 1595 232 1676 καίπερ
264 1595 387 1677 σμικρὸν
419 1595 582 1674 έμπνέουπ’
613 1593 813 1684 ἔπιΙΙβλέψαι
844 1594 918 1676 πρὸς
944 1595 1046 1672 αὔρας
1069 1591 1220 1673 βούλεται
1243 1594 1302 1664 τοὶς

122 1719 219 1795 ἡλίου·
246 1756 292 1767 -
321 1720 484 1803 languida
518 1731 556 1784 nt
584 1730 642 1796 est,
676 1720 832 1782 miserum
868 1739 950 1782 onus
984 1717 1144 1782 bracchiis
1177 1718 1302 1793 mariti,

122 1851 233 1906 tomen
261 1841 351 1923 cupit
378 1842 512 1905 etmmsi
538 1842 599 1904 oin
620 1841 773 1922 spiritum
796 1839 911 1914 traicit,
936 1838 1059 1903 intueri
1077 1840 1187 1902 lnmen
1211 1838 1299 1903 solis.

121 1963 199 2026 Post
234 1978 299 2042 204
334 1982 436 2025 unum
471 1983 601 2026 versum
636 1963 797 2026 excidisse
832 1961 974 2025 coniecit
1007 1961 1167 2041 Elmsley,
1203 1980 1301 2042 quem

121 2094 253 2148 secutus
283 2093 333 2148 est
362 2084 575 2149 Wecklinius.
622 2085 822 2150 Scholiastes
852 2085 1008 2148 adnotat:
1040 2081 1096 2157 πίον
1127 2081 1220 2162 ἰσχὺν
1246 2089 1302 2157 πῆς

121 2205 223 2287 χειρὸς
239 2205 488 2287 παραλελυμένος.
522 2205 591 2270 Sed
608 2227 675 2270 non
691 2207 841 2270 manibus
853 2214 982 2269 tantum
998 2205 1133 2289 languet
1145 2205 1299 2280 Alcestis,

120 2351 238 2394 verum
260 2337 332 2393 toto
356 2350 504 2411 corpore,
530 2349 638 2413 neque
660 2337 742 2412 puto
765 2328 867 2392 verba
891 2327 994 2408 χειρὸς
1016 2323 1117 2391 ἄθλιον
1141 2323 1234 2407 βοίρος
1253 2326 1301 2389 sic

120 2452 315 2535 accipienda
337 2471 419 2516 esse.
467 2448 632 2531 παρειμένα
655 2450 817 2535 significat
837 2450 1002 2534 languida
1026 2458 1062 2513 ut
1085 2449 1195 2514 Orest.
1213 2450 1299 2525 8813

120 2571 196 2653 νόσῳ
238 2593 305 2636 non
338 2573 431 2636 addit
461 2583 571 2655 poeta,
602 2592 677 2636 cum
707 2574 740 2635 in
771 2572 983 2655 praecedenti
1014 2592 1111 2636 versu
1140 2571 1204 2634 hoc
1235 2571 1301 2632 iam

119 2694 249 2758 dixerit.
296 2693 401 2758 Recte
432 2715 468 2758 se
490 2695 615 2758 habent
638 2694 760 2771 omnia,
785 2695 811 2758 si
834 2693 936 2757 verba
961 2692 1060 2775 χειρὸς
1081 2689 1182 2756 οίίλιον
1205 2689 1300 2771 βοίρος

118 2816 164 2880 ad
194 2817 302 2898 ipsam
329 2813 501 2880 Alcestem
525 2816 705 2892 referimus,
729 2837 814 2898 quae
838 2814 999 2878 bracchiis
1023 2816 1130 2877 mariti
1153 2815 1207 2877 vix
1231 2835 1299 2876 sus·

117 2939 251 3002 tinctus.
299 2936 397 3000 Nulla
420 2959 500 3021 ergo
524 2937 698 3002 indicanda
720 2946 771 3002 est
793 2937 920 3001 lacuna.

164 3058 270 3142 Apud
293 3057 495 3142 Sophoclem
519 3059 703 3144 perfectum
719 3061 885 3141 passivum
901 3058 958 3121 tali
975 3058 1108 3122 notione
1124 3078 1191 3120 non
1207 3077 1299 3140 repe-

118 3183 209 3255 ritur,
242 3180 332 3263 apud
362 3180 532 3244 Platonem
565 3182 672 3263 Legg.
701 3178 1001 3262 X1.931Dytpo
1027 3177 1215 3259 παρειμένος,
1237 3199 1299 3241 nec

118 3323 187 3367 non
217 3302 307 3385 apud
337 3312 465 3367 ceteros
496 3312 649 3367 auctores
678 3303 833 3366 orationis
855 3299 995 3376 solutae,
1020 3321 1123 3383 quare
1144 3299 1197 3362 hic
1221 3319 1298 3362 usus

117 3424 265 3489 sermoni
287 3425 438 3506 prosaico
463 3426 597 3507 propior
620 3424 749 3488 videtur
771 3423 881 3487 fuisse.

162 3548 274 3612 Pauca
295 3548 437 3612 dicenda
458 3556 535 3611 sunt
558 3548 600 3611 de
624 3547 699 3610 loco
722 3547 870 3621 Medeae,
895 3565 943 3608 vs.
961 3546 1025 3624 892
1042 3564 1091 3627 sq.
1108 3541 1299 3623 παριέμεσία

117 3667 172 3734 καί
207 3665 316 3750 φοίμεν
349 3673 452 3741 κακῶς
485 3664 714 3756 φρονεῖνίίπέπ’,
747 3667 821 3731 αλλ’
853 3662 975 3744 ίιμεινον
1006 3668 1053 3730 νῦν
1083 3663 1298 3744 βεβούλευμαι

118 3789 190 3856 πόδε
214 3791 456 3855 -concedimus
479 3801 512 3854 et
531 3790 669 3854 dicimus
692 3811 751 3852 nos
772 3789 859 3851 male
880 3789 1021 3851 sensisse
1043 3798 1127 3862 tnnc,
1143 3789 1205 3852 sed
1216 3810 1300 3853 nnnc

117 3912 236 3977 melins
258 3911 338 3976 haec
357 3911 572 3976 consideravi.
620 3910 713 3974 Haec
736 3909 929 3992 significatio
953 3918 1025 3973 orta
1050 3918 1100 3973 est
1123 3931 1144 3973 a
1162 3912 1297 3974 notione

118 4033 320 4118 negligendi,
344 4055 444 4117 quam
467 4054 566 4116 supra
588 4031 827 4096 illustravimus.
860 4030 1051 4110 παριέμεσία
1074 4042 1143 4097 est:
1159 4034 1297 4096 missum

117 4179 170 4222 me
189 4157 295 4238 facio,
326 4175 389 4218 non
419 4154 489 4217 iam
512 4173 564 4217 me
585 4173 659 4216 curo
682 4172 784 4233 neqne
806 4171 914 4214 meam
936 4152 1133 4233 snperbiam.
1182 4150 1297 4232 Oppo-

118 4280 205 4343 nitur
223 4277 438 4363 praecedenti
452 4297 547 4340 versu
564 4273 737 4340 οίνπιτείνειν
753 4272 932 4348 vinicolor}
949 4274 1067 4349 νηπίων.
1113 4270 1297 4336 Schoenius
