3038 4808
221 286 264 349 62
585 284 870 381 παραβάλλειν-
894 290 1039 368 παριέναι.

222 472 300 536 facit
320 473 534 547 Wecklinius‚
551 475 610 536 sed
626 471 791 574 δυσφάριιν,
812 477 903 556 quod
923 476 1025 539 habet
1045 477 1154 540 codex
1164 477 1333 542 Palatinus
1346 481 1407 565 (Ρ.)

221 595 299 658 Non
322 597 410 658 enim
434 595 563 658 blandis
583 596 692 659 verbis
712 599 917 661 contendunt
933 599 1027 674 deae,
1044 600 1104 662 sed
1116 599 1289 663 hostilibus
1307 603 1407 666 dictis

221 717 338 780 rixant.
362 718 457 781 Haec
473 718 698 799 interpretatio
712 718 766 780 vel
782 739 823 780 eo
840 719 918 782 mihi
929 720 1065 813 ¹videtur
1076 722 1296 804 comprobari,
1311 725 1407 805 quod

222 841 269 902 sic
294 839 477 922 intelligere
502 860 678 922 possumus
694 860 795 921 quare
813 841 928 904 Venus
944 841 1061 904 vicisse
1078 843 1215 905 dicatur.
1240 843 1408 906 Nimirum

220 962 277 1025 illa
300 962 364 1025 dea
387 962 419 1025 in
443 947 621 1025 certamine
643 959 877 1043 pulchitudinis
901 964 1071 1027 victoriam
1095 967 1285 1046 reportavit.

268 1138 416 1219 παριέναι.

270 1325 296 1370 1.
345 1309 520 1373 Localis
551 1330 658 1373 usus.

265 1464 295 1511 a.
344 1446 454 1526 Quem
478 1447 681 1509 admodum
702 1448 839 1509 verbum
856 1444 1073 1527 παραβάλλειν
1090 1447 1274 1532 significare
1291 1458 1406 1532 potest

221 1565 352 1644 βάλλειν
387 1564 464 1631 ὥστε
500 1573 638 1646 παρεῖναι
672 1569 718 1630 sic
753 1565 891 1647 παριέναι
926 1590 1027 1652 saepe
1062 1570 1186 1633 indicat
1219 1568 1294 1633 ἱέναι
1326 1567 1404 1634 dicre

222 1695 372 1770 παρεῖναι.
420 1690 519 1754 Cuius
555 1691 697 1752 notionis
730 1689 895 1753 luculenta
930 1691 1084 1773 exempla
1119 1692 1280 1755 habemus
1314 1693 1404 1776 apud

220 1822 368 1876 nostrum
399 1813 571 1894 tragicum,
604 1810 749 1893 Supplic.
780 1811 845 1891 467
878 1833 927 1894 sq.
962 1811 1022 1887 ἐγὼ
1055 1811 1083 1875 δ’
1115 1811 1247 1877 άπανδῶ
1280 1816 1346 1884 πάς
1368 1837 1404 1877 τε

221 1934 376 2010 Καδμεῖος
400 1930 683 2020 λεὼςΗἌδρασι-ιν
707 1932 737 2002 ἐς
760 1939 819 2008 γῆν
836 1931 927 2007 τάνδε
944 1933 988 2011 μὴ
1008 1932 1201 2014 παριέναι-
1218 1957 1278 2019 ego
1293 1947 1402 2000 autem

220 2057 374 2120 interdico
407 2067 440 2120 et
468 2067 552 2120 totus
574 2057 719 2137 populus
755 2055 937 2131 Thebanus,
971 2078 1011 2119 nc
1040 2058 1220 2121 Adrastum
1251 2057 1286 2121 in
1318 2059 1403 2122 lianc

219 2190 342 2242 terrain
378 2179 545 2242 admittas.
594 2179 676 2241 Item
707 2177 873 2240 Heraclid.
911 2192 970 2258 153
1003 2199 1052 2260 sq.
1084 2177 1151 2258 φέρ’
1182 2178 1300 2250 aurita
1331 2176 1398 2258 γάρ·

221 2299 332 2364 πιάσδε
362 2301 392 2363 π’
425 2299 455 2370 ἐς
485 2306 581 2376 γαῖαν
613 2295 835 2386 παρεῖςΗῆμάς
865 2299 894 2361 π’
920 2297 1017 2371 έάσας
1040 2297 1171 2376 ἐξάγειν,
1196 2298 1230 2363 πί
1249 2300 1402 2381 κερδανεῖς

219 2460 264 2468 -
296 2445 357 2505 age
385 2423 508 2485 subduc
534 2423 677 2485 rationes
684 2446 697 2501 ;
725 2421 817 2485 hosce
848 2422 1011 2485 admissos
1041 2423 1077 2484 in
1108 2433 1230 2486 terram
1254 2434 1348 2487 taam
1370 2425 1404 2489 si

218 2546 339 2608 siveris
361 2566 419 2608 nos
442 2546 607 2619 abducere,
631 2545 716 2626 quid
734 2543 819 2607 lucri
831 2541 968 2624 facies?
1014 2542 1068 2607 Sic
1093 2545 1180 2608 enim
1205 2547 1402 2609 vertendum

219 2688 291 2730 esse
322 2676 412 2749 puto.
450 2666 591 2728 Primum
615 2663 964 2748 ¹Copreus‘Eurysthei
985 2685 1105 2748 praeco
1128 2666 1401 2747 Demophontem

219 2809 335 2871 regem
370 2787 624 2850 Atheniensium
659 2806 679 2849 a
713 2808 772 2848 sua
806 2794 898 2868 parte
932 2795 1018 2849 stare
1051 2785 1129 2849 facit
1159 2795 1193 2848 et
1224 2789 1403 2852 commoda

223 2919 394 2973 enumerat
424 2910 542 2992 quibus
572 2908 703 2982 fruetur,
729 2909 755 2970 si
779 2908 974 2970 Heraclidas
999 2908 1170 2988 expulerit,
1195 2907 1236 2971 cs.
1262 2929 1309 2971 va.
1340 2924 1400 2990 155

217 3031 261 3095 τά
285 3032 340 3109 μὲν
366 3031 438 3110 παρ’
463 3032 546 3107 ἡμῶν
570 3028 668 3093 τοιάδ’
693 3028 757 3092 ἔστι
781 3052 824 3093 σοι
848 3027 970 3105 λαβεῖν.
994 3029 1147 3093 Tandem
1171 3051 1219 3093 vs.
1242 3032 1303 3111 158
1321 3031 1402 3094 dicit

217 3155 296 3235 quid
328 3153 470 3216 faturum
498 3155 549 3227 sit,
580 3154 606 3215 si
638 3151 926 3215 lamentationibus
961 3149 1211 3215 Heraclidarum
1236 3152 1403 3216 emollitus

221 3276 319 3338 fuerit
341 3275 555 3357 Demophon.
580 3275 798 3355 Imperativus
821 3269 938 3344 άνπίέες
961 3293 1027 3336 non
1051 3274 1096 3336 ita
1118 3274 1331 3355 accipiendus
1351 3285 1406 3338 est

219 3406 255 3460 ut
279 3398 388 3460 statim
412 3404 642 3478 comparentur
665 3391 775 3457 τούσδε
798 3391 904 3473 παρείς
927 3404 961 3457 et
985 3394 1069 3471 ἡμεῖς
1091 3395 1121 3458 π’
1146 3392 1242 3464 ε’άσας
1265 3392 1403 3471 ἐξάγειν,

220 3519 280 3581 sed
310 3518 459 3581 versibus
495 3530 553 3598 153
583 3528 616 3580 et
642 3530 704 3595 154
727 3514 1005 3579 introductionem
1030 3516 1179 3598 Copreus
1203 3525 1314 3578 orator
1337 3518 1404 3579 sibi

222 3650 319 3722 parat
345 3642 388 3703 ad
412 3640 593 3720 sequentia,
618 3638 674 3699 ubi
697 3637 767 3699 illas
790 3638 873 3700 duas
897 3659 947 3701 res
972 3658 1057 3720 quae
1080 3646 1293 3721 opponuntur
1309 3656 1406 3701 accu-

220 3765 319 3825 ratius
343 3771 537 3826 tractaturus
560 3771 618 3826 est.
659 3763 731 3844 (155
758 3759 800 3823 πά
825 3760 880 3837 μὲν
908 3761 968 3841 158
994 3759 1026 3834 ἣν
1052 3759 1105 3843 δέ).
1146 3759 1404 3842 Supervacanea

221 3892 272 3946 est
294 3885 431 3947 mutatio
450 3884 592 3964 Jacobsii
616 3884 672 3964 qui
695 3883 807 3966 legere
830 3883 916 3945 vult:
937 3879 1042 3945 τούσδ’
1059 3883 1120 3944 άπ’
1137 3878 1278 3961 ἐσχάραν
1293 3880 1401 3963 άφείς.

219 4004 316 4067 Tunc
347 4014 575 4086 opponuntur:
606 4006 640 4068 si
668 4026 722 4068 eos
752 4006 793 4069 ab
823 4005 987 4068 altaribus
1016 4005 1199 4085 reppulerit
1228 4013 1262 4067 et
1291 4005 1326 4067 si
1349 4026 1404 4069 me

219 4126 342 4207 expelli
362 4125 507 4189 iusseris.
532 4126 607 4189 Hoc
631 4136 742 4191 autem
766 4148 832 4190 non
855 4127 1011 4208 quadrat;
1037 4147 1199 4208 nusquam
1216 4127 1305 4189 enim
1320 4127 1403 4189 dicit

222 4248 369 4331 Copreus
400 4267 436 4310 se
465 4255 581 4329 putare
613 4249 883 4331 Demophontem
913 4258 982 4312 tam
1014 4249 1176 4312 audacem
1209 4248 1279 4311 sore
1304 4256 1340 4311 ut
1363 4268 1401 4313 se
