3038 4808
175 287 218 353 50
639 272 884 354 παρεμβλέπων.

173 459 427 538 ὑπεκλαμβιένειν
450 461 561 542 (Herc.
585 461 660 524 Fur.
684 462 772 544 998).
797 461 962 526 Omnibus
985 463 1074 527 hisce
1098 464 1177 528 locis
1200 469 1290 546 quod
1307 470 1353 532 ad

127 596 132 602 ’
173 591 365 646 contextum
403 585 529 658 attinet,
568 583 716 665 singulae
756 585 1015 666 praepositiones
1055 585 1229 661 sufficiunt,
1268 611 1355 671 quas

172 704 328 768 adhibere
352 705 458 786 potuit
481 712 581 786 poeta
604 704 730 768 levibus
752 705 998 776 mutationibus,
1015 707 1074 769 sed
1090 717 1172 789 puto
1188 729 1245 772 eas
1261 730 1352 774 com-

172 827 353 908 positiones
385 846 470 897 eum,
503 846 737 906 nonnunquam
769 835 876 889 metro
906 836 1069 900 coactum,
1095 828 1289 894 formavisse
1313 841 1353 895 ut

172 948 329 1011 maiorem
354 948 419 1010 vim
443 947 603 1011 adderent
626 949 818 1011 sententiae.

216 1068 401 1133 Verisimile
437 1090 503 1131 non
539 1078 590 1132 est
623 1069 815 1151 Euripidem
849 1072 953 1133 verbo
986 1072 1221 1152 παρεμβλέπων
1253 1097 1352 1141 usum

171 1213 255 1265 esse,
287 1212 328 1254 ne
359 1200 497 1273 poneret
528 1189 744 1271 παραβλέπων
775 1190 949 1272 (producto
979 1193 1029 1274 α);
1058 1214 1133 1256 nam
1157 1196 1280 1259 Helen.
1305 1199 1355 1262 60

171 1309 305 1390 ἔβλεπεν
335 1315 507 1396 (producto
530 1314 565 1397 ε),
589 1313 755 1375 Phoeniss.
782 1327 797 1392 5
804 1329 841 1392 51
869 1313 1107 1394 περιβλέπεσθαι
1130 1318 1305 1400 (producto
1329 1322 1351 1404 ι)

171 1436 263 1506 dixit,
296 1455 496 1517 quamquam
527 1442 643 1517 postea
674 1435 853 1515 reperimus
882 1436 1065 1517 perlectum
1090 1436 1245 1520 βέβλεφα
1269 1441 1351 1523 (cor-

171 1566 264 1640 repto
295 1558 329 1641 ε).
363 1556 463 1637 Quod
494 1557 537 1619 ad
560 1557 761 1619 locutionem
786 1556 1020 1636 παρεμβλέπων
1043 1558 1084 1630 εἷς
1107 1557 1196 1639 κέρας
1218 1563 1347 1636 attinet,

170 1690 259 1743 recte
293 1681 391 1742 vertit
419 1680 544 1761 Jerram
572 1679 734 1760 glancing
763 1679 912 1762 sidelong
940 1681 1085 1744 towards
1115 1681 1169 1744 lzis
1201 1682 1286 1745 horn
1308 1705 1349 1747 as

169 1801 293 1884 though
320 1800 517 1882 meditatz'ng
537 1821 581 1862 an
604 1799 723 1862 attack.
748 1797 839 1862 Sicut
862 1800 953 1882 pugil
975 1810 1108 1882 paratus
1131 1803 1174 1865 ad
1198 1825 1346 1888 pugnam

171 1927 273 1987 modo
295 1943 426 2006 pugnos
450 1942 526 1984 suos
545 1922 647 1983 modo
664 1922 885 1984 adversarium
903 1923 1018 1985 intueri
1035 1922 1128 1997 solet,
1145 1923 1235 1987 haud
1251 1947 1348 1991 secus

169 2056 281 2110 taurus
305 2046 381 2108 lacit
404 2046 543 2127 impetus
567 2044 737 2107 meditans.
765 2043 909 2106 Primum
932 2040 1009 2120 ὄμμ’
1030 2043 1214 2124 ἀναστρέφει
1231 2045 1344 2128 κύκλῳ,

168 2184 239 2238 tum
261 2167 302 2237 εἷς
324 2164 413 2244 κέρας
437 2163 666 2244 παρεμβλέπει.
690 2165 802 2227 Ferox
824 2185 904 2228 sane
927 2166 1011 2228 illius
1035 2168 1143 2230 vultus
1167 2178 1226 2243 est,
1243 2191 1345 2251 quare

170 2309 270 2369 saepe
293 2288 477 2350 invenimus
492 2284 638 2365 παύρηδον
655 2285 783 2363 βλέπειν
799 2286 910 2369 (Arist.
926 2288 1040 2350 Ranae
1058 2289 1144 2371 804),
1161 2290 1344 2370 πανρνῦπθιιι

169 2410 301 2493 (Medea
331 2409 395 2492 92).
427 2409 479 2470 Ex
507 2408 557 2470 his
582 2407 800 2471 locutionibus
824 2409 997 2491 Euripides
1021 2430 1140 2473 novam
1164 2414 1346 2486 constituit,

170 2531 289 2595 Bacch.
323 2545 398 2610 743,
422 2529 463 2602 εἷς
485 2528 574 2608 κέρας
596 2528 758 2605 θυμοῦσθαι
783 2567 824 2576 -
849 2531 935 2594 irato
957 2532 1049 2594 vultu
1073 2532 1107 2594 in
1129 2553 1227 2596 cornu
1251 2535 1346 2598 tueri.

170 2655 276 2736 Magis
312 2653 344 2715 in
375 2661 528 2734 promptu
560 2660 610 2713 est
639 2672 658 2714 e
689 2653 842 2734 peculiari
874 2653 1007 2716 notione
1040 2653 1276 2733 παρεμβλέπων
1306 2657 1350 2728 εἰς

169 2774 259 2856 κέρας
293 2783 404 2837 natam
439 2794 510 2836 esse
539 2773 732 2855 ampliorem
762 2772 962 2836 locutionem
994 2774 1155 2850 θυμοῦσθαι
1186 2776 1227 2846 εἷς
1256 2775 1349 2857 κέρας

169 2918 268 2979 quam
290 2897 375 2959 hanc
398 2915 442 2957 ex
464 2893 518 2956 illa
542 2894 718 2956 deductam
742 2914 826 2956 esse.

213 3018 355 3081 Accedit
388 3017 477 3097 quod
512 3012 640 3092 βλέπειν
675 3011 716 3085 εἴς
749 3037 780 3077 τι
814 3015 1020 3079 usitatissima
1052 3019 1252 3081 constructio
1284 3027 1345 3096 est,

170 3140 331 3217 θυμοῦσθαι
354 3136 396 3209 εἴς
418 3162 448 3202 τι
471 3139 535 3201 hoc
559 3158 625 3200 uno
649 3137 723 3200 loco
743 3139 891 3203 occurrit.
917 3136 1005 3201 Sane
1022 3138 1139 3200 dicitur
1156 3138 1244 3217 ὀργὴν
1261 3136 1348 3219 ἔχειν

169 3260 210 3333 εἴς
232 3285 301 3326 τινα
322 3260 490 3345 (Sophocl.
506 3259 642 3322 Philoct.
664 3259 770 3341 1293),
787 3257 898 3335 μηνίειν
913 3255 955 3331 εἷς
970 3281 1038 3322 τινα
1054 3258 1149 3341 (Oed.
1167 3259 1238 3323 Col.
1256 3263 1347 3346 969),

169 3385 228 3448 sed
254 3393 332 3447 tunc
355 3384 484 3446 diversa
507 3389 556 3443 est
579 3381 627 3443 vis
649 3381 910 3462 praepositionis,
935 3402 1019 3463 quae
1043 3381 1162 3444 Bacch.
1187 3397 1251 3462 743
1277 3404 1346 3447 non

167 3505 316 3587 quadrat.

212 3626 265 3688 De
304 3624 488 3707 separativa
526 3623 558 3685 vi
594 3623 845 3705 praepositionis
881 3619 966 3702 παριέ
1000 3623 1034 3685 in
1068 3624 1169 3686 verbo
1205 3623 1346 3704 παριέναι

167 3747 234 3809 vid.
259 3766 286 3808 c.
311 3746 354 3808 V.
