3038 4808
211 297 256 362 66
724 293 875 375 παριέναι.

211 504 286 546 cum
317 482 490 565 participio
523 478 630 561 παρείς
652 489 781 544 tantum
805 482 975 544 coniunxit
998 478 1059 554 εὀἶν,
1082 481 1141 544 sed
1164 481 1263 546 etiam
1286 481 1390 547 habet

210 602 305 684 ἀφεὶς
327 603 379 666 ἕοῖν
402 602 491 665 Aiax
516 615 581 682 754
606 622 656 683 sq.
680 594 776 681 εἶρξαι
791 601 865 666 κατ’
882 595 965 683 ἦμαρ
981 601 1162 682 τούμφανὲς
1176 601 1212 665 πθ
1228 604 1277 666 νῦν
1292 601 1388 692 ‘llil

212 720 327 788 Ἀἴανθ’
353 723 411 788 ὑπὸ
435 729 582 797 cuneatior,
607 721 681 800 μηδ’
706 721 818 803 ἀφέντ’
843 722 902 788 ἕῖιν.

254 846 404 909 Medium
428 846 562 909 notione
577 844 768 929 negligendi
785 866 852 909 uno
868 845 941 910 loco
958 847 1047 929 apud
1064 855 1212 910 nostrum
1228 850 1388 914 occurrit:

210 967 310 1031 Herc.
344 969 419 1031 Fur.
453 981 518 1048 779
550 963 638 1043 νόμον
665 965 844 1045 παρέμενος,
868 965 980 1049 οξνομθρι
1004 965 1095 1047 χθριν
1119 965 1390 1057 διδοὺςΙθὲθρανοεν

211 1088 305 1166 ὄλβον
329 1088 464 1154 κελαινὸν
485 1083 571 1169 ἅρμα
587 1125 631 1138 -
647 1089 716 1171 lege
737 1100 923 1172 contempta,
939 1090 1110 1171 iniquitati
1124 1112 1223 1173 quum
1239 1090 1388 1170 indulsit,

200 1212 313 1295 fregit
340 1212 474 1294 nigrum
506 1232 636 1274 currum
652 1210 837 1292 felicitatis.
883 1210 1031 1274 Medium
1055 1210 1116 1274 hac
1140 1211 1275 1276 notione
1297 1233 1388 1295 prae·

210 1332 313 1396 ditum
336 1333 425 1414 apud
449 1333 648 1395 recentiores
670 1340 797 1395 tantum
821 1333 1000 1395 invenitur:
1024 1331 1089 1395 Dio
1113 1331 1246 1396 Cassius
1268 1351 1323 1414 43.
1348 1352 1389 1413 14

209 1452 253 1517 cir
276 1453 332 1530 μὲν
355 1449 443 1516 ἄλλα
468 1451 641 1532 παρήκαπο,
665 1455 770 1515 ταῦτα
795 1450 826 1515 δὲ
851 1449 1066 1531 προσεδέξατο.

255 1714 284 1763 o.
330 1696 384 1758 Ex
408 1696 541 1759 notione
559 1695 748 1778 negligendi
765 1695 935 1778 paullatim
951 1696 1033 1759 alius
1050 1716 1127 1759 usus
1143 1706 1239 1761 natus
1254 1707 1306 1762 est
1320 1720 1390 1782 quo

208 1819 369 1882 indicatur
406 1825 587 1901 propter
620 1816 939 1890 lassitudinem,
976 1819 1163 1882 morbum
1198 1819 1266 1884 vel
1300 1822 1389 1887 tale

207 1940 308 2020 quid
339 1959 383 2001 se
413 1940 550 2021 ipsum
575 1938 749 2001 missum
773 1936 927 2012 facere,
953 1939 1062 2001 nihil
1085 1959 1250 2005 curare.
1297 1943 1390 2006 Acti·

208 2081 286 2122 vum
310 2081 376 2123 uno
400 2059 475 2122 loco
498 2061 545 2122 sic
569 2067 743 2140 usurpatur
759 2058 801 2121 ab
818 2059 986 2142 Euripide,
1004 2060 1065 2123 lon
1082 2074 1144 2142 745
1162 2061 1248 2142 ὀρθῶς
1263 2060 1388 2140 ἔλεξας·

208 2179 296 2244 ἄλλοι
313 2181 357 2258 μὴ
375 2188 475 2261 παρῇς
489 2178 573 2260 κθπῳ
587 2217 628 2227 -
641 2191 725 2244 recte
739 2180 874 2260 desisti}
888 2183 950 2245 sed
961 2203 1000 2244 ne
1011 2182 1176 2247 remiseris
1184 2184 1387 2251 lassitudine.

209 2302 266 2366 Ad
291 2310 390 2383 παρῇς
412 2302 674 2365 subaudiendum
700 2299 828 2365 οεαιιπθν
852 2321 959 2384 neque
982 2313 1093 2367 tamen
1109 2307 1304 2370 vertendum
1321 2318 1389 2373 est:

207 2424 277 2488 noli
290 2435 321 2488 te
334 2425 451 2488 dedere
465 2423 665 2486 lassitudini.
709 2420 792 2502 κόπῳ
810 2425 897 2487 enim
914 2426 1044 2488 dativus
1059 2427 1313 2492 instrumentalis
1326 2441 1389 2508 est,

208 2555 244 2610 ut
256 2554 394 2628 apparet
405 2544 525 2610 Bacch.
539 2543 605 2623 634
617 2564 665 2626 sq.
677 2541 772 2607 κθπου
789 2542 816 2606 δ’
827 2540 886 2608 ὕπο
895 2541 907 2632 Η
919 2543 1071 2622 διαμεθεὶς
1083 2543 1174 2626 ξίφος
1186 2555 1332 2629 παρεῖται
1346 2587 1389 2601 -

202 2678 289 2749 prae
312 2667 518 2751 fatigatione
546 2666 685 2729 dimisso
711 2666 827 2749 gladio
859 2668 983 2731 solutus
1013 2668 1155 2752 languet.
1201 2670 1388 2736 Perfectum

209 2791 375 2872 passivum
410 2809 570 2871 persaepe
605 2788 651 2850 sic
686 2788 877 2851 adhibetur:
912 2789 1081 2855 Phoeniss.
1117 2793 1179 2871 853
1215 2813 1266 2876 sq.
1299 2792 1389 2875 κόπῳ

212 2917 361 2991 παρεῖμαι
400 2912 471 2986 γοῦν
506 2906 699 2988 Ἐρεχθειδῶν
734 2904 797 2971 ἄπο
808 2905 819 2996 ΙΙ
831 2906 907 2988 δεῦρ’
943 2907 1126 2985 ἐκκομισθεὶς
1159 2917 1218 2986 πῆς
1251 2909 1390 2993 ποθροιθεν

209 3031 324 3113 ἡμέρας
348 3070 387 3078 -
407 3031 519 3094 labore
533 3031 651 3094 saltem
666 3030 848 3112 languidus
863 3051 947 3106 sum,
963 3053 985 3095 a
1000 3041 1091 3095 terra
1105 3032 1389 3100 Erechthidarum

207 3154 270 3218 huc
310 3153 464 3217 deductus
505 3151 672 3233 superiore
713 3152 777 3214 die.
831 3151 994 3214 Porsonus
1036 3152 1117 3235 legit
1151 3157 1233 3230 γοῦν
1265 3155 1388 3221 collato

208 3275 401 3339 scholiasta:
435 3271 604 3350 ἐκλέλομαι
635 3269 677 3335 ποθ
708 3269 829 3349 νθναπα
859 3272 901 3352 τῷ
932 3271 1032 3353 κθπρι;
1066 3273 1154 3338 nulla
1180 3278 1388 3342 necessitate.

209 3397 314 3460 Recte
345 3397 434 3459 enim
467 3416 504 3458 se
535 3394 637 3457 habet
667 3395 828 3477 particula
858 3397 938 3470 γοῦν.
985 3395 1022 3457 ln
1053 3398 1255 3480 praegressis
1279 3397 1389 3464 Creon

208 3519 400 3582 adhortatur
415 3517 575 3581 Tiresiam
592 3525 627 3579 ut
643 3516 793 3596 spiritum
809 3515 951 3598 colligat.
986 3517 1083 3580 Recte
1096 3516 1155 3581 hoc
1168 3517 1255 3592 dr'cr't,
1271 3539 1388 3586 secum

208 3640 333 3722 cogitat
355 3640 507 3712 Tiresias,
533 3637 713 3720 languidus
735 3636 851 3700 saltem
874 3658 958 3700 sum.

254 3763 462 3843 Participium
485 3759 622 3844 perfecti
645 3761 766 3842 passivi
790 3760 1033 3822 usitatissimum
1057 3769 1107 3824 est
1129 3764 1218 3843 apud
1233 3770 1386 3826 nostrum

207 3881 271 3944 hoc
294 3901 409 3945 sensu:
435 3882 554 3944 Bacch.
578 3882 642 3961 683
668 3875 753 3954 ηὗδον
777 3878 809 3942 δὲ
835 3880 935 3943 πᾶσαι
952 3878 1090 3957 σώμασιν
1106 3879 1389 3962 παρειμέναι-ιτ

207 4003 413 4068 dormiebant
443 4024 554 4067 omnes
587 4014 714 4084 corpore
749 4003 882 4066 solutae.
936 4002 1075 4067 Dativus
1107 4003 1228 4082 σώμασι
1263 4007 1386 4072 eodem

208 4127 309 4189 modo
340 4123 514 4188 adhibetur
537 4125 625 4206 apud
648 4123 908 4205 Xenophontem
933 4123 1122 4190 Comment.
1145 4127 1186 4190 Il.
1210 4143 1241 4208 7.
1266 4142 1297 4210 7.
1321 4135 1386 4201 τοῖς

209 4245 347 4324 σώμασιν
370 4243 498 4326 ἱοχθειν.
545 4246 596 4328 (cf.
622 4245 904 4319 Kiihner-Blass,
931 4245 1060 4310 Griech.
1087 4246 1266 4312 Grammat.
1292 4250 1382 4315 11.1.
