3038 4808
446 310 693 395 παρεντρεπίζειν
717 349 760 365 -
784 310 996 396 παραλείπειν.
1066 386 1069 390 ,
1275 335 1321 399 29

142 497 286 563 Accedit
319 500 409 581 quod
443 519 551 582 neque
586 502 676 585 apud
708 501 902 585 Euripidem
934 523 1042 585 neque
1072 506 1161 587 apud
1193 513 1320 569 ceteros

141 621 318 701 scriptores
341 620 406 684 hoc
429 641 528 685 sensu
552 621 693 683 occurrit
708 621 859 684 verbum.
895 621 1099 706 (Secundum
1116 622 1319 708 Stephanum

142 743 232 826 apud
254 742 422 806 Philonem
445 742 486 807 II.
509 762 541 825 p.
566 758 640 821 204.
666 759 703 805 21
731 752 766 806 et
788 744 963 827 Polybium
992 743 1035 808 V.
1063 748 1134 808 108.
1155 756 1319 826 4tantum

141 863 278 947 legitur3
302 872 442 945 utroque
465 864 538 927 loco
563 883 660 927 sensu
677 866 856 948 parandi).

187 985 326 1049 Vertere
358 993 471 1047 tamen
503 1005 571 1047 non
600 1004 794 1067 possumus:
828 986 917 1050 nilril
935 987 1033 1052 aliud
1051 998 1248 1071 apparatum
1272 1000 1322 1055 est

142 1106 212 1170 nisi
231 1117 269 1169 ut
289 1115 432 1169 exurant
456 1104 602 1188 Cyclopis
624 1105 759 1169 oculum.
807 1107 911 1172 Multa
934 1111 1022 1172 enirn
1046 1111 1111 1174 alia
1125 1121 1319 1194 praeparata

142 1238 218 1292 sunt
248 1249 268 1292 a
298 1229 406 1304 sociis,
430 1227 509 1310 suga
532 1229 699 1310 imprimis.
747 1227 895 1292 Verbum
919 1228 1179 1310 παρεντρέπισται
1202 1253 1221 1295 e
1243 1233 1319 1297 sirn-

141 1349 276 1434 pliciore
289 1351 464 1423 locutione,
475 1360 511 1413 ut
524 1346 618 1412 παντ’
630 1347 835 1431 εὐτρέπισται,
845 1351 930 1415 male
942 1363 1049 1416 ortum
1062 1350 1134 1416 esse
1146 1355 1319 1419 verisimile

141 1493 210 1535 non
248 1481 308 1535 est.
355 1471 450 1534 Haec
488 1479 539 1535 est
577 1473 689 1554 opinio
725 1471 928 1545 Kirchhoffii,
962 1475 1022 1536 sed
1054 1475 1201 1539 mirabile
1232 1487 1319 1541 esset

140 1594 310 1659 librarium
350 1595 518 1676 quendam
557 1614 617 1678 pro
652 1595 760 1659 verbis
797 1592 890 1659 πάντ’
926 1595 1119 1676 εὐτρέπισται
1152 1592 1318 1680 scripsisse

140 1717 309 1798 insolitum
323 1715 461 1779 verbum
478 1713 748 1796 παρεντρέπισται.
795 1715 874 1777 Mihi
891 1717 1025 1797 quidem
1038 1717 1102 1781 levi
1115 1721 1317 1784 correctione

139 1837 240 1901 lectio
262 1838 415 1900 codicum
439 1838 602 1900 servanda
625 1837 763 1900 videtur.
809 1838 1021 1920 Legendum:
1048 1837 1317 1918 παρεντρέπισται,

140 1959 170 2022 κ’
204 1957 285 2022 οὐδὲν
315 1953 396 2022 ιἰλλν
424 1957 507 2031 πλὴν
531 1954 841 2046 πνρνῦνΗΚύκλαπας
862 1955 931 2037 ὄψιν
953 1996 996 2004 -
1019 1958 1097 2023 bene
1119 1970 1318 2041 apparatum

140 2082 238 2146 adest
250 2102 305 2144 nec
319 2080 416 2145 aliud
428 2080 601 2162 quicquam
607 2080 802 2161 faciendum
819 2090 869 2143 est
882 2079 951 2143 nisi
963 2090 1000 2143 ut
1012 2090 1157 2145 exurant
1173 2081 1319 2164 Cyclopis

139 2204 276 2266 oculum.
324 2204 377 2265 Ex
415 2202 626 2283 praecedenti
661 2221 755 2264 versu
790 2201 833 2264 ad
869 2201 1130 2280 παρεντρέπισται
1164 2204 1319 2287 supplere

140 2345 316 2407 possumus
348 2320 451 2394 δαλόι.
497 2323 554 2386 Ad
588 2322 690 2387 verba
713 2321 795 2386 οὐδὲν
818 2319 898 2387 ιἰλλα
921 2333 1031 2388 mente
1055 2325 1317 2389 subaudiendum

140 2452 208 2506 est:
233 2442 370 2518 ποιητέον
393 2441 483 2519 ἐστίν,
508 2445 591 2508 sicut
613 2466 642 2507 e.
667 2467 699 2528 g.
724 2444 885 2525 Aeschyl.
910 2445 997 2508 Pers.
1016 2460 1079 2527 207
1096 2466 1145 2528 sq,
1161 2443 1175 2508 ὅ
1191 2443 1219 2507 δ’
1237 2445 1318 2509 οὐδὲν

139 2561 221 2628 ἄλλα
241 2563 309 2640 y’ri
331 2563 457 2642 πτήξας
476 2563 597 2654 linarii
609 2570 744 2646 παρεῖχε
766 2566 881 2628 —ille
899 2576 1007 2630 autern
1028 2566 1117 2629 nihil
1131 2566 1322 2648 aliudsecit

141 2687 210 2750 nisi
223 2689 415 2753 contrahens
428 2710 499 2752 sese
512 2699 626 2769 corpus
633 2687 798 2770 praebuit.
832 2687 889 2751 Ad
905 2708 1003 2770 quem
1019 2689 1130 2751 locum
1146 2686 1318 2751 Schiitzius

140 2810 296 2873 adnotat:
328 2811 441 2893 supple
473 2807 564 2876 ε’ποιέι
595 2811 686 2874 cuins
717 2810 811 2873 verbi
826 2812 989 2891 frequens
1011 2809 1145 2891 ellipsis.
1169 2808 1210 2873 cf.
1232 2809 1317 2874 Xen.

141 2930 265 3014 Cyrop.
290 2932 315 2994 I.
339 2949 371 3009 4.
397 2949 450 3010 24.

185 3052 337 3116 Verbum
373 3048 622 3131 παρεντρεπίζειν
655 3051 698 3115 ab
733 3052 803 3116 aliis
838 3052 899 3114 nisi
934 3071 954 3116 a
984 3050 1221 3114 recentioribus
1251 3070 1318 3113 non

140 3183 324 3256 usurpatur.

188 3365 400 3447 παραλείπειν.

185 3538 337 3602 Verbum
361 3533 563 3616 παραλείπειν
582 3571 627 3585 -
646 3536 751 3612 iuxta,
776 3536 811 3600 in
833 3535 1002 3600 vicinitate
1024 3536 1206 3616 relinquere
1228 3538 1317 3620 apud

141 3659 333 3742 Euripidem
355 3667 406 3722 ter
428 3657 566 3741 legitur;
589 3658 709 3740 quibus
733 3658 814 3722 locis
836 3656 1004 3733 translate,
1027 3666 1064 3722 ut
1082 3677 1214 3740 semper
1229 3658 1317 3741 apud

140 3788 268 3844 ceteros
292 3781 468 3862 scriptores
491 3800 636 3864 quoque,
660 3787 843 3861 usurpatur.

188 3902 308 3965 Helen.
341 3916 408 3982 974
438 3921 486 3985 sq.
519 3901 544 3965 εἷ
567 3900 594 3964 δ’
620 3899 676 3978 ἐμὲ
698 3905 833 3977 γυναῖκα
856 3899 912 3974 τὴν
935 3899 1013 3978 ἐμὴν
1036 3895 1317 3989 πανσπερμίαν

141 4021 311 4103 παρέλιπεν
335 4018 388 4096 ἥδε
411 4027 471 4086 τῶν
494 4019 603 4099 λόγων,
620 4018 737 4115 Ιςῑλριὶτιν
764 4060 803 4069 -
828 4021 861 4085 si
881 4044 932 4086 me
952 4022 1086 4106 coniuge
1107 4043 1182 4086 rnea
1200 4021 1318 4104 spolia-

138 4144 265 4221 verr'tiS,
289 4145 408 4218 dream,
425 4165 510 4226 quae
524 4143 626 4208 verba
642 4143 721 4207 llaec
736 4142 798 4205 tibi
810 4143 929 4207 omisit.
955 4142 1078 4207 Sensus
1093 4143 1316 4226 negligentiae

140 4272 247 4331 maior
261 4269 357 4332 adest
371 4268 522 4349 sequenti
538 4267 611 4330 loco
627 4265 774 4330 eiusdem
790 4267 930 4342 fabulae,
947 4288 995 4332 vs.
1013 4283 1076 4350 773
1095 4288 1144 4350 sq.
1158 4257 1187 4329 ἓν
1204 4265 1231 4329 δ’
1250 4265 1316 4328 εἰπὲ
