3038 4808
306 345 520 429 παραυιέλπειν
542 385 586 399 -
610 357 809 431 παρευκνλεῖν
831 389 876 400 -
899 354 1153 433 παραμυθεῖσθαι.
1273 358 1314 439 83

145 535 278 598 modum
300 533 495 599 incalescere.
541 536 578 599 In
601 537 664 601 hoc
687 539 789 602 verbo
812 541 895 604 sicut
917 542 949 603 in
974 538 1194 622 παραθαλπειν
1218 552 1321 608 muta·

144 657 269 719 tionem
291 657 489 721 conditionis
511 660 711 742 praepositio
735 661 866 726 indicat.

192 859 401 930 παρευκννιεῖν.

191 1032 320 1096 Eadem
351 1044 403 1098 est
430 1036 521 1099 notio
550 1039 801 1120 praepositionis
834 1041 868 1103 in
898 1044 1085 1124 composito
1118 1051 1319 1124 παρευαηλεῖν

145 1157 236 1236 quod
269 1155 373 1220 semel
406 1159 494 1240 apud
528 1168 677 1222 nostrum
712 1160 888 1226 habemus:
920 1164 1054 1226 Hercul·
1086 1165 1161 1227 Fur.
1195 1183 1238 1246 99
1269 1186 1318 1248 sq.

147 1275 338 1357 δακρυρρόους
359 1275 488 1367 πέννανΗ
500 1279 606 1357 πνρας
627 1280 752 1361 ἀφαίρει
774 1281 827 1345 καὶ
844 1284 1028 1363 παρευκήλει
1051 1283 1156 1362 λόγοις
1168 1288 1316 1351 -lacri·

145 1421 251 1463 mesos
279 1400 453 1465 liberorum
474 1403 587 1481 sontes
610 1407 709 1482 aufer
730 1412 762 1466 et
782 1404 891 1468 delene‘
911 1405 1025 1487 (ipsos)
1045 1408 1165 1471 verbis.
1213 1407 1316 1491 Apud

145 1522 226 1586 alios
248 1525 423 1607 scriptores
446 1522 509 1587 hoc
532 1525 668 1588 verbum
691 1547 862 1590 occurrere
886 1548 953 1590 non
977 1529 1117 1593 videtur.

191 1717 443 1797 παραμυθεῖσθαι.

189 1890 273 1955 Cum
296 1890 569 1972 praecedentibus
591 1891 699 1954 verbis
722 1892 980 1973 comparandum
1003 1901 1053 1955 est
1073 1893 1315 1972 repararentur

145 2032 346 2094 quamquam
375 2013 653 2094 praepositionem
684 2013 717 2074 in
739 2012 803 2076 hoc
826 2013 929 2075 verbo
953 2014 1101 2095 primitus
1129 2013 1226 2076 aliam
1251 2016 1317 2077 vim

144 2129 298 2193 habuisse
328 2129 428 2193 docet
457 2149 518 2193 nos
545 2150 621 2192 usus
653 2129 847 2193 Homericus
871 2151 946 2194 cum
969 2131 1089 2204 dative,
1115 2152 1143 2193 e.
1168 2153 1200 2214 g.
1225 2131 1317 2195 Iliad.

143 2251 199 2313 IX.
223 2267 288 2332 417
312 2273 361 2333 sq.
385 2249 438 2314 καὶ
463 2249 495 2313 δέ
518 2273 552 2314 κε
574 2253 650 2315 πυῖσ’
675 2248 812 2315 ἄλλοισιν
828 2251 888 2328 ἐγὼ
907 2248 1316 2340 rapnuvdnraipnvlloiuab'

143 2372 334 2436 ἀποπλείειν.
381 2373 533 2436 Primaria
567 2376 658 2438 notio
689 2376 940 2456 praepositionis
971 2376 1004 2436 in
1034 2375 1099 2438 hoc
1132 2375 1316 2456 composito

144 2505 180 2557 ut
202 2496 236 2556 in
259 2495 362 2559 verbo
386 2492 555 2574 παράφημι
578 2504 628 2557 est
658 2496 788 2569 iuxta,
813 2505 929 2577 postea
944 2505 1055 2559 tamen
1073 2496 1116 2558 ad
1132 2494 1316 2578 analogiam

142 2617 316 2679 verborum
347 2615 542 2696 παραπείθειν
571 2625 633 2680 etc.
665 2618 870 2680 transitivum
896 2616 1021 2680 factum
1058 2626 1119 2692 est,
1152 2618 1318 2700 praeposi-

142 2738 240 2801 tionis
263 2739 294 2801 vi
317 2747 452 2802 mutata.
499 2737 563 2800 Hic
584 2738 738 2802 transitus
761 2738 847 2802 clare
869 2737 1045 2801 illustratur
1071 2738 1146 2801 loco
1161 2739 1315 2814 Platonis,

51 2830 57 2840 .
142 2859 199 2921 ubi
230 2879 295 2921 una
325 2880 401 2922 cum
429 2859 531 2922 verbo
564 2855 797 2939 παραθαρρύνειν
819 2860 968 2934 occurrit,
994 2857 1111 2922 Critias
1137 2881 1169 2942 p.
1200 2863 1259 2922 108
1283 2861 1316 2922 D

143 2980 404 3061 παραμυθουμένιρ
428 2979 455 3043 δ’
481 2973 602 3045 οὖνκαὶ
627 2978 881 3060 παραθαρρυνόνπι
905 3002 948 3043 ror
972 2978 1118 3044 πειστέον.
1165 2981 1316 3043 Verbum

142 3104 384 3183 παραμυθεῖσθαι
415 3125 494 3189 ergo
524 3105 708 3180 adhibetur,
739 3105 765 3167 si
795 3124 894 3186 quem
928 3103 1077 3166 verbis
1109 3123 1127 3165 e
1159 3103 1317 3165 misera

142 3229 321 3310 quadam
356 3229 613 3291 conditione
647 3226 872 3290 consolari
907 3225 977 3288 vel
1007 3223 1234 3287 adhortari
1266 3223 1316 3286 ad

141 3347 309 3431 aliquid
339 3349 500 3412 volumus.
547 3349 622 3412 Hoc
651 3368 748 3412 sensu
772 3348 822 3410 bis
845 3347 933 3429 apud
956 3345 1152 3428 Euripidem
1178 3344 1314 3426 legitur:

142 3469 249 3534 Orest.
280 3472 343 3551 298
376 3492 423 3554 sq.
449 3468 485 3534 σύ
509 3492 568 3548 μου
592 3470 626 3534 πὸ
650 3468 739 3533 δεινὸν
762 3467 815 3532 καὶ
839 3463 1003 3548 διαφθαρὲν
1026 3461 1315 3552 φρενῶνΗῖσχναινε

141 3569 320 3671 παραριυνυῦ
352 3592 375 3656 θ’
400 3629 443 3640 -
466 3593 637 3657 leom'dum
668 3603 700 3656 et
720 3601 904 3673 corruptum
927 3609 1057 3654 sensum
1082 3608 1189 3651 meum
1213 3608 1317 3650 coerce

139 3724 172 3777 et
192 3716 365 3779 consolare.

185 3835 291 3920 Iphig.
322 3836 399 3901 Aul.
437 3837 518 3918 1617
550 3857 598 3919 sq.
630 3841 695 3906 πῶς
725 3834 752 3898 δ’
783 3835 813 3898 οὐ
845 3830 917 3921 <boll
930 3829 1174 3912 repercuteretur
1205 3828 1315 3894 τούσδε

140 3953 244 4035 feriret
279 3954 471 4045 radionalliie
502 3981 552 4022 συν
585 3957 706 4027 πένθους
737 3958 846 4036 λυγροῦ
878 3952 1064 4031 παυσαίμαν
1091 3989 1135 4001 -
1159 3953 1315 4036 quomodo

138 4101 203 4143 non
225 4081 332 4144 dicam
354 4080 545 4145 huiusmodi
557 4101 719 4144 sermones
733 4100 786 4141 me
790 4079 928 4159 frustra
944 4075 1124 4141 adhortari
1138 4085 1176 4138 ut
1188 4072 1315 4137 teretem

130 4212 269 4285 propter
297 4213 327 4266 te
348 4202 467 4266 luctum
490 4197 676 4284 deponam?
720 4199 809 4264 Sane
832 4197 1007 4281 requiritur
1031 4195 1099 4274 ἐμὲ,
1125 4215 1203 4257 nam
1227 4192 1313 4256 male

138 4325 256 4389 abesse
280 4347 299 4390 a
319 4326 420 4391 verbo
435 4327 600 4390 obiectum
616 4323 873 4388 Rauchenstinio
888 4321 1057 4385 assentior.
1102 4317 1230 4382 Tamen
1246 4335 1312 4378 non
