3038 4808
656 339 858 413 παρακαλεῖν.
1303 349 1321 415 7
1326 351 1349 415 3

170 534 282 589 autem
314 523 405 606 quod
434 529 547 585 nostro
574 520 647 584 loco
670 519 773 583 multa
795 521 903 602 aptius
926 521 1034 583 verbis
1057 518 1142 594 κόπω
1168 527 1350 600 παρακαλεῖ

169 642 254 719 ἄλλη
284 647 367 708 inter
396 664 432 707 se
463 644 645 707 coniunctis
667 645 713 706 ita
736 652 860 706 vertas:
885 643 962 707 inde
982 643 1072 707 alius
1093 664 1145 707 me
1167 644 1343 708 identidem

169 767 263 831 dolor
289 766 337 829 ad
364 785 544 829 maerorem
573 763 709 828 arcessit
728 765 844 847 (adse
865 767 979 847 vocat).
1027 764 1071 829 Et
1092 774 1181 828 recte
1205 767 1251 828 ita
1274 764 1345 829 Ste-

168 889 300 973 phanus
330 907 462 970 quoque
494 887 603 949 locum
627 888 867 968 interpretatur.
914 885 1014 966 Quod
1037 889 1154 951 attinet
1177 888 1220 950 ad
1243 888 1351 953 verba.

169 1007 318 1089 διάδοχος
341 1012 443 1073 κακῶν
465 1013 579 1082 κακοῖς,
604 1007 648 1070 nil
665 1028 749 1089 opus
766 1017 817 1071 est
831 1008 1068 1072 mutationibus
1083 1029 1164 1090 quas
1183 1009 1344 1073 Heathius

168 1131 289 1213 aliique
321 1130 520 1207 attulerunt3
552 1140 641 1194 recte
672 1130 809 1194 adnotat
841 1129 1047 1195 scholiastes:
1073 1129 1278 1212 διαδεχομένν
1300 1130 1345 1197 τόν

168 1250 252 1317 κακαὶ
284 1257 348 1324 τοῖς
377 1256 491 1323 κακοῖς.
539 1251 579 1316 cf.
611 1250 770 1333 Aeschyl.
794 1252 880 1316 Pers.
909 1267 992 1342 1035
1019 1250 1100 1316 δόσιν
1121 1252 1220 1316 κακόνν
1243 1257 1352 1316 κακῶν

168 1380 285 1447 κακοῖς.
332 1375 415 1438 Item
450 1374 581 1437 dativus
615 1374 711 1436 simul
746 1382 780 1437 et
811 1376 973 1456 genitivus
1004 1375 1167 1438 adiectivo
1198 1371 1349 1455 διαδόχοις

169 1495 357 1578 adiungitur
379 1496 493 1578 Eurip.
517 1493 664 1577 Supplic.
689 1509 726 1574 71
755 1515 803 1577 sq.
828 1495 913 1571 ἀγὼν
935 1490 979 1558 όδ’
1001 1492 1098 1568 ἄλλως
1120 1492 1248 1576 ἔρχεται
1267 1493 1346 1572 γόων

120 1636 123 1643 ·
171 1612 443 1703 γόωςΙΙδωόδνχνς,
484 1637 549 1698 quo
583 1614 658 1678 loco
692 1615 895 1679 Wecklinius
930 1616 1182 1681 Valckenarium
1216 1625 1354 1680 secutus

171 1745 260 1802 recte
284 1736 366 1820 legit
388 1735 468 1813 γόων
491 1734 573 1814 γόως
595 1757 656 1819 pro
679 1737 831 1801 codicum
854 1738 996 1802 lectione
1019 1735 1096 1815 γόων
1119 1735 1206 1814 γόων.

215 1858 368 1922 Fortasse
403 1867 499 1922 erunt
532 1860 588 1940 qui
623 1858 760 1922 verbum
793 1857 995 1939 παραδιδόναι
1024 1859 1077 1922 hic
1109 1880 1205 1923 suum
1234 1860 1349 1923 locum

168 1980 291 2044 habere
320 1989 447 2063 putent.
494 1979 573 2043 Mihi
605 1989 715 2043 autem
746 1979 862 2044 melius
892 1980 1066 2045 videbatur
1089 1983 1131 2045 de
1154 1981 1219 2044 hoe
1242 1981 1350 2044 verbo

168 2101 252 2166 infra
275 2124 311 2185 p.
335 2115 375 2183 75
402 2121 474 2184 sqq.
499 2122 609 2184 agere.
