3038 4808
226 329 268 390 82
570 323 812 407 παροξύνειν-
835 322 1062 408 reputatam.

271 509 456 592 παροξύνειν.

268 700 397 764 Eadem
421 710 472 765 est
494 702 543 764 vis
565 698 817 783 praepositionis
840 695 924 779 rapti
944 700 977 761 in
992 699 1094 764 verbo
1110 696 1289 780 παροξύνειν
1305 705 1403 784 quod

223 841 353 906 semper
374 823 529 886 translate
552 821 736 899 adhibetur,
759 823 843 885 sieut
864 819 1006 903 simlex
1027 818 1150 897 ὄξύνειν.
1174 823 1305 886 Iudicat
1328 846 1402 888 ver·
1445 915 1447 920 λ

222 943 303 1007 bum
338 941 513 1024 παροξύνειν
547 964 565 1006 e
601 944 748 1026 quieta
782 942 1035 1005 conditione
1066 942 1117 1005 ad
1147 943 1316 1026 aliquid
1348 945 1403 1010 sa-

223 1067 420 1130 ciendum
453 1085 710 1148 exasperare
744 1062 943 1147 aliquem.
982 1063 1074 1127 Prior
1107 1065 1198 1128 notio
1232 1087 1251 1129 e
1283 1068 1402 1150 quieta

221 1187 400 1251 conditione
415 1196 525 1250 tamen
541 1186 683 1260 evanuit,
698 1184 783 1247 sicut
796 1184 862 1247 iam
872 1183 1012 1246 vidimus
1022 1183 1056 1246 in
1067 1184 1170 1249 verbo
1184 1186 1401 1265 reparatam.

222 1309 331 1390 Saepe
354 1329 430 1371 cum
453 1307 749 1390 praepositionibus
771 1302 831 1378 ἐπί,
856 1301 930 1384 πρός
944 1305 1151 1388 coniungitur
1167 1326 1196 1370 e.
1210 1329 1243 1391 g.
1260 1307 1401 1375 Isocrat.

222 1430 359 1512 Philipp.
385 1429 404 1513 ᾖ
429 1447 446 1509 3
478 1427 530 1493 ἐπὶ
558 1425 695 1505 πόλεμον
716 1427 772 1491 ubi
795 1425 882 1491 clare
905 1436 1042 1510 apparet
1070 1426 1119 1490 vis
1141 1431 1400 1511 praepositionis

222 1549 317 1632 rapui.
350 1552 435 1615 Nam
466 1546 642 1630 παροξύνειν
672 1547 724 1613 ἐπὶ
756 1545 890 1626 πόλεμον
916 1555 985 1612 est:
1008 1569 1026 1610 e
1046 1548 1224 1613 conditione
1245 1551 1399 1617 desidiae

220 1673 270 1737 ad
288 1675 404 1738 bellum
428 1673 573 1736 imitare.

264 1796 368 1878 Apud
402 1805 549 1859 nostrum
584 1792 686 1857 semel
718 1793 782 1856 hoc
814 1793 953 1857 verbum
989 1794 1138 1869 occurrit,
1168 1792 1295 1861 Alcest.
1328 1796 1399 1877 674

220 1918 337 1998 πατρὸς
371 1917 404 1981 δὲ
434 1917 478 1995 μὴ
510 1914 679 1997 παροξύνῃς
708 1913 805 1996 φρένα
836 1951 880 1965 -
902 1916 1015 1998 patris
1045 1936 1123 1980 vero
1151 1937 1192 1980 ne
1219 1929 1400 2000 exasperes

219 2051 365 2103 mentem.
390 2040 496 2103 Maior
519 2039 568 2102 vis
590 2038 677 2101 cadit
699 2039 732 2100 in
754 2037 924 2101 verbalem
946 2044 1076 2120 partem
1100 2039 1276 2119 compositi
1291 2059 1396 2120 quam

219 2162 252 2222 in
282 2161 572 2243 praepositionem.
618 2159 745 2222 Tamen
775 2180 794 2223 e
821 2158 1093 2242 praecedentibus
1119 2156 1213 2221 facile
1235 2159 1396 2242 supplere

218 2282 341 2365 aliquid
368 2301 540 2364 possumus
563 2301 629 2362 quo
653 2279 834 2363 explicatur
855 2280 1056 2362 praepositio
1082 2277 1177 2359 rapui.
1222 2280 1398 2345 Praecedit

219 2405 307 2467 enim
338 2424 386 2466 vs.
417 2403 480 2484 673
512 2397 582 2474 iiam
604 2400 664 2483 γὰρ
688 2402 705 2476 ἡ
729 2405 867 2482 ramira
891 2398 1036 2483 συμφορά
1062 2436 1107 2450 ·-
1128 2401 1212 2466 satis
1233 2403 1322 2467 enim
1346 2416 1399 2468 est

209 2536 371 2606 praesens
402 2525 585 2601 calamitas,
621 2526 703 2588 dixit
736 2524 866 2588 chorus.
897 2524 940 2588 Et
969 2533 1065 2588 tunc:
1096 2525 1165 2589 noli
1190 2536 1393 2607 exasperare

216 2658 353 2710 mentem
369 2648 492 2729 patris,
515 2667 560 2709 sc.
584 2647 632 2710 ad
651 2647 756 2711 aliam
777 2646 1007 2712 calamitatem.

260 2768 364 2852 Apud
398 2768 629 2849 Thucydidem
664 2768 810 2850 aliosque
844 2778 993 2833 auctores
1024 2788 1124 2851 saepe
1156 2769 1217 2832 hac
1250 2769 1388 2832 notione
1487 2818 1493 2825 .

216 2891 352 2953 verbum
382 2892 549 2973 reperitur.
596 2889 679 2953 Fere
709 2911 839 2973 semper
869 2889 1049 2975 significat:
1082 2890 1231 2954 acerbum
1254 2891 1387 2971 facere,

215 3033 395 3094 numquam
418 3011 613 3075 acerbiorem
627 3014 751 3092 facere.

261 3252 484 3336 repatriarem.

258 3443 341 3506 Item
375 3443 590 3506 mutationem
624 3441 820 3505 conditionis
849 3443 1017 3506 cuiusdam
1047 3442 1198 3526 designat
1228 3439 1317 3522 rapui
1353 3443 1387 3506 in

213 3565 315 3628 verbo
347 3560 559 3644 ratrammo
589 3563 678 3645 quod
708 3565 797 3646 apud
828 3564 1017 3646 Euripidem
1047 3562 1154 3627 solum
1179 3563 1300 3637 inveni,
1329 3565 1385 3646 qui

214 3686 315 3748 semel
337 3686 400 3749 hoc
424 3688 527 3750 verbo
552 3706 628 3749 usus
651 3692 710 3758 est,
734 3685 853 3749 Medea
880 3701 939 3764 143
964 3705 1012 3766 sq.
1029 3683 1128 3765 φίλων
1142 3682 1260 3756 οὐδενὸς
1277 3682 1383 3773 addivi!

214 3804 478 3884 rapadaarroaa'm
511 3805 608 3887 Φρένα
642 3802 813 3884 μύθοις-
839 3807 1016 3870 ammarum
1049 3806 1172 3870 nullius
1205 3806 1383 3888 quicquam

211 3928 313 3990 lenita
336 3928 483 3991 animum
505 3927 624 3991 verbis.

257 4048 366 4110 Minus
389 4056 477 4111 recte
500 4049 641 4112 Zeunius
658 4049 691 4112 in
705 4048 972 4113 adnotationibus
988 4049 1054 4111 suis
1069 4048 1112 4111 ad
1127 4048 1245 4111 librum
1268 4049 1382 4131 Vigeri

212 4169 261 4231 de
284 4168 533 4252 praecipuis
560 4169 795 4233 idiotismis
819 4169 1009 4233 Graecae
1032 4169 1241 4233 dictionis
1270 4171 1379 4252 p,651

212 4291 306 4353 dicit:
332 4286 416 4370 rapi
439 4288 584 4373 augendi
603 4289 672 4353 vim
694 4293 796 4374 affert
814 4311 883 4355 aa.
908 4288 1204 4371 sapatepaar'rertm
1228 4327 1273 4338 -
1293 4290 1383 4354 ultra
