3038 4808
514 318 662 377 παρεχειν
690 332 729 345 -
755 293 963 376 παρατιθέναι.
1280 309 1321 376 25

146 481 207 549 οὐδ’
229 481 255 547 εἰ
278 480 411 563 παρέχοι
426 482 496 559 ὑμῖν
511 478 649 546 δύναισθε
666 477 703 545 clu
719 479 921 559 οέποκπείοειο;
939 481 994 544 hic
1009 490 1120 546 tamen
1133 482 1176 545 ad
1192 480 1329 562 παρέχοι
1382 532 1384 535 -

147 605 332 668 subiectum
344 600 494 682 βασιλεύς
505 604 614 667 animo
627 603 772 686 suppleri
783 602 922 667 fortasse
933 613 1087 686 praestat.
1117 605 1238 667 Nostro
1250 605 1328 668 loco

148 728 298 810 Euripidi
322 731 458 807 παρεῖχε
481 726 693 788 adimendum
717 746 782 789 non
802 734 883 809 puto
900 735 1034 809 propter
1050 726 1197 790 additum
1212 729 1323 796 καλῶς.

149 849 226 913 Hoc
248 849 443 912 adverbium
466 848 517 910 bis
539 867 615 911 cum
637 847 848 930 impersonali
868 845 999 927 παρέχει
1015 848 1223 930 coniungitur
1238 847 1328 930 apud

149 969 390 1052 Thucydidem,
415 988 534 1052 nempe
558 989 633 1032 cum
657 969 847 1052 participio:
874 968 1042 1049 παρασχὸν
1065 974 1170 1041 καλῶς
1193 1004 1235 1016 -
1255 989 1328 1032 cum

150 1091 273 1174 optima
306 1091 432 1155 occasio·
460 1101 544 1154 esset
577 1091 619 1152 V.
658 1108 705 1169 14.
739 1109 770 1166 2,
801 1091 854 1171 63.
891 1107 917 1153 1.
965 1088 1198 1173 Comparativo
1230 1090 1334 1154 utitur·

151 1212 365 1293 Thucydides
388 1213 431 1274 V.
455 1211 508 1275 60.
535 1225 551 1292 5
577 1207 703 1275 αοέιιλιοιι
727 1209 893 1293 παραοχέι
916 1220 949 1275 et
974 1213 1164 1275 Herodotus
1188 1212 1246 1275 IX.
1267 1229 1327 1275 122

152 1333 224 1399 κότε
246 1333 308 1414 γαρ
333 1332 369 1407 tt
393 1330 447 1396 uui
472 1328 597 1412 παρέξει
620 1330 746 1396 uolutaui
769 1369 813 1382 -
832 1335 964 1415 quando
979 1335 1064 1397 euim
1081 1334 1197 1397 melier
1210 1335 1330 1398 occasio

153 1455 269 1520 aderit.
316 1455 456 1518 Videtur
478 1455 542 1518 hoc
565 1456 759 1518 adverbium
782 1457 939 1539 imprimis
962 1456 1174 1537 impersonali
1198 1454 1335 1536 παρέχει

153 1576 288 1661 adiungi
318 1575 433 1640 solere.
479 1575 660 1657 Quomodo
683 1586 773 1641 onus
796 1578 839 1640 sit
862 1597 939 1640 usus
961 1577 1188 1659 impersonalis
1210 1578 1331 1641 docere

153 1707 264 1784 potest
293 1697 453 1762 Plutarch.
482 1697 577 1761 Caes.
612 1719 644 1781 p.
678 1713 753 1780 711.
784 1698 810 1759 B
841 1696 943 1762 αἰτίαν
974 1695 1008 1759 δὲ
1031 1691 1114 1777 εἶχεν
1139 1691 1268 1778 ὕστερον,
1292 1698 1335 1771 ὡς

153 1817 264 1901 ἄριστα
291 1819 333 1900 πῷ
360 1819 451 1900 καιρῷ
475 1817 547 1883 rice
570 1817 768 1900 παροέοχοιπι
790 1819 877 1883 uaria
899 1821 952 1882 ποῦ
976 1817 1126 1898 Καίσαρος
1149 1819 1193 1896 μὴ
1218 1817 1332 1899 χρησοί-

155 1963 244 2019 μειος
266 1977 310 1990 -
324 1951 442 2024 postea
463 1942 611 2023 culpatus
633 1952 690 2016 est,
707 1942 796 2023 quad
807 1951 949 2022 tempore
964 1941 1158 2005 occasionem
1175 1942 1334 2023 optuleram

155 2064 309 2144 afferente
330 2073 443 2127 contra
466 2061 642 2126 Caesarem
659 2084 722 2124 nou
737 2073 821 2125 esset
834 2083 923 2125 usus.
960 2062 1024 2124 Hic
1040 2061 1132 2124 locus
1149 2063 1203 2144 qui
1218 2072 1336 2127 tamen

154 2185 327 2268 perspicue
350 2175 513 2266 originem
537 2184 632 2246 huius
655 2204 732 2246 usus
756 2184 887 2254 indicat.
911 2203 932 2247 a
954 2183 1126 2266 Stephano
1148 2185 1333 2267 negligitur.

337 2458 360 2544 ς
383 2457 414 2524 2.
462 2455 576 2524 Verba
597 2458 735 2525 motum
757 2457 798 2524 in
820 2457 898 2525 loco
921 2457 1155 2540 designantia.

203 2655 364 2718 Venimus
388 2654 430 2717 ad
454 2674 494 2716 ea
517 2652 629 2727 verba,
654 2673 738 2734 quae
756 2661 885 2716 motum
902 2653 934 2714 in
950 2652 1024 2716 loco
1041 2654 1226 2736 designant.
1252 2653 1339 2717 Cum

160 2777 405 2860 praepositione
440 2770 526 2854 παροέ
561 2775 734 2838 coniuncta
771 2774 915 2838 indicant
948 2783 1074 2837 motum
1107 2776 1140 2836 in
1171 2774 1340 2838 vicinitate

161 2897 297 2962 alicuius
319 2915 480 2979 personae
503 2892 557 2958 vel
579 2897 625 2958 rei
649 2893 727 2957 fieri.

207 3103 415 3186 accercitum.

207 3276 490 3360 Simplicissimum
513 3275 706 3358 exemplum
729 3274 825 3338 huius
841 3295 918 3338 usus
932 3274 1071 3356 praebet
1085 3275 1222 3337 verbum
1240 3295 1340 3352 παρα·

162 3393 272 3464 πιέέιαι
296 3399 386 3480 quod
409 3399 498 3480 apud
523 3396 724 3480 Sophoclem
747 3417 917 3478 nusquam,
942 3397 1031 3479 apud
1055 3396 1247 3477 Euripidem
1272 3415 1342 3458 uno

164 3523 239 3586 loco
272 3529 401 3584 tantum
434 3521 595 3584 habemus
629 3520 729 3602 idque
759 3539 800 3584 ea
831 3521 965 3583 notione
997 3539 1082 3600 quae
1115 3539 1158 3580 ex
1189 3517 1342 3581 Homero

164 3643 331 3707 familiaris
365 3653 435 3706 erat
469 3642 594 3718 „cibum
622 3653 779 3725 potumve
813 3639 1027 3723 apponendi.”
1063 3639 1155 3723 Cycl.
1192 3656 1256 3720 390
1291 3660 1339 3721 sq.

165 3762 284 3845 σκύφος
306 3788 343 3828 πε
365 3767 466 3828 κισσοῦ
492 3761 631 3844 παρέέεπ’
654 3764 695 3835 εἷς
717 3756 797 3844 εὖρος
819 3759 1068 3851 πριῶιΙῄπήχεοοα
1084 3799 1128 3809 -
1143 3773 1175 3826 et
1188 3762 1340 3844 poculum

164 3907 208 3952 ex
228 3886 351 3952 hedera
373 3889 440 3951 sibi
460 3887 613 3970 apposuit
633 3888 667 3951 in
686 3886 891 3951 latitudinem
907 3885 1007 3950 trium
1025 3886 1190 3949 ulnarum.
1216 3885 1339 3947 Notatu

165 4009 304 4092 dignum
334 4010 464 4073 videtur
493 4009 557 4072 hoc
587 4009 806 4090 compositum
837 4007 926 4090 apud
952 4005 1184 4089 Thucydidem
1209 4026 1343 4087 quoque

165 4131 270 4194 semel
293 4131 394 4195 modo
418 4151 587 4194 occurrere
611 4129 729 4193 eodem
752 4149 860 4204 sensu,
884 4129 910 4192 1.
938 4146 1000 4210 130
1023 4125 1183 4209 προέπεζαι
1199 4126 1345 4206 Περσικὴν

168 4251 344 4334 παρετίθετο
360 4288 404 4300 -
418 4273 565 4317 mensam
580 4250 744 4315 Persicam
759 4250 827 4314 sibi
836 4251 959 4335 apponi
969 4251 1113 4315 curabat.
1129 4248 1346 4330 Thucydides
