3038 4808
516 370 732 454 παράγειν-
757 369 1002 454 παραλλάττειν.

217 591 377 674 παράγειν.

215 775 308 838 Duas
323 775 494 858 primarias
510 774 768 858 significationes
780 774 882 838 habet
893 774 1031 838 verbum
1045 770 1197 854 παράγειν
1207 795 1347 858 quarum

172 897 338 979 utriusque
362 896 451 980 apud
474 905 623 960 nostrum
647 897 801 980 exempla
824 905 965 960 exstant.

210 1032 247 1084 u.
293 1014 381 1095 άγειν
416 1017 501 1099 παρά
535 1016 630 1083 τάπιν
665 1015 732 1083 τινά
763 1054 807 1066 -
835 1020 951 1083 ducere
985 1020 1035 1084 ad
1059 1019 1202 1104 aliquem
1234 1019 1345 1084 locum.

172 1141 248 1224 (vid.
272 1140 354 1204 infra
377 1162 404 1204 c.
430 1142 494 1226 V.).

217 1264 250 1330 b.
296 1259 383 1339 άγειν
413 1261 499 1342 παρά
530 1260 627 1327 τάπιν
658 1261 804 1336 τινάς-
827 1264 941 1328 ducere
971 1264 1014 1328 ab
1038 1265 1149 1347 aliquo
1171 1265 1245 1328 loco.
1267 1264 1346 1347 (vid.

172 1405 271 1468 supra
294 1406 321 1448 c.
346 1385 427 1470 HL).

216 1506 334 1570 Prioris
364 1527 442 1569 usus
473 1526 552 1570 sane
581 1506 744 1598 vulgatior
766 1516 826 1583 est,
851 1506 988 1571 alteram
1012 1507 1182 1570 notionem
1206 1508 1248 1571 de
1272 1507 1347 1571 loco

173 1637 361 1711 usurpatam
385 1629 475 1710 apud
491 1628 682 1710 Euripidem
698 1629 804 1692 solum
821 1629 841 1692 1.
854 1628 874 1691 l.
892 1630 1011 1704 inveni,
1027 1630 1218 1711 saepissime
1234 1636 1347 1692 tamen

172 1751 312 1813 occurrit
343 1748 508 1823 translate,
543 1750 722 1814 accedente
757 1770 855 1815 sensu
886 1752 937 1814 de
967 1759 1088 1814 recta
1116 1751 1193 1813 via.
1241 1749 1348 1812 Huius

172 1869 304 1935 fallendi
336 1871 479 1934 notionis
510 1890 576 1933 non
607 1871 714 1935 solum
747 1874 836 1955 apud
866 1874 1009 1958 tragicos
1041 1874 1100 1936 sed
1131 1873 1230 1936 etiam
1257 1872 1347 1953 apud

172 1992 347 2075 scriptores
377 1991 504 2055 solutae
535 1993 691 2056 orationis
715 1994 819 2059 multa
842 1995 997 2077 exempla
1021 1994 1140 2058 adsunt
1163 2015 1192 2058 e.
1204 2015 1237 2077 g.
1262 1993 1348 2056 Thu·

172 2113 246 2195 cyd.
279 2113 321 2177 11.
352 2114 397 2192 64
424 2111 507 2190 ριάπε
536 2112 595 2176 ὑπὸ
623 2118 683 2177 τῶν
710 2114 831 2180 τοιῶνδε
854 2120 987 2181 πολιτῶν
1011 2114 1197 2197 παράγεσθε,
1220 2114 1346 2179 Platon,

171 2233 255 2317 Rep.
287 2234 329 2296 ΙΙ.
355 2234 457 2315 383Β
481 2233 564 2310 μήτε
587 2235 670 2312 ἡμᾶς
692 2234 819 2316 ψεύδεσι
842 2237 993 2318 παράγειν
1016 2239 1046 2302 ἕν
1069 2237 1150 2319 λόγῳ
1174 2236 1192 2314 ἢ
1216 2237 1245 2300 ἕν
1262 2233 1347 2317 ἔργῳ.

216 2354 315 2418 Nulla
330 2375 428 2419 causa
443 2375 524 2438 ergo
536 2364 585 2418 est
598 2374 654 2417 cur
667 2363 772 2418 mutet
783 2355 1010 2420 Blomfieldius
1022 2357 1135 2440 Eurip.
1149 2355 1264 2439 Suppl.
1283 2372 1344 2436 233

172 2497 257 2556 παρα
260 2475 347 2555 ziela
369 2477 403 2539 in
419 2475 596 2557 ταραχθείς.
640 2475 774 2557 Optime
791 2476 954 2541 Adrastus
970 2479 1127 2542 seductus
1143 2497 1215 2541 esse
1231 2477 1348 2540 dicitur

170 2598 213 2661 ab
236 2598 408 2660 iuvenibus
432 2606 468 2661 ut
489 2596 613 2660 bellum
637 2597 831 2680 susciperet:
855 2595 1025 2668 άπάλεσας
1050 2596 1139 2661 πάλιν
1160 2603 1233 2671 νεοῖς
1249 2618 1348 2677 παρα-

171 2718 256 2799 χθείς
278 2756 319 2767 -
337 2719 520 2802 perdidisti
538 2718 702 2782 civitatem
726 2740 748 2782 a
772 2719 943 2782 iuvenibus
964 2719 1122 2782 seductus.

215 2841 344 2905 Eodem
368 2842 468 2905 modo
492 2841 597 2924 lphig.
622 2840 721 2904 Taut.
745 2843 811 2921 478
835 2849 948 2903 noster
971 2840 1034 2902 hoc
1058 2840 1161 2903 verbo
1186 2860 1262 2903 usus
1278 2848 1346 2903 est:

171 2963 188 3036 ἡ
214 2961 274 3043 γάρ
302 2959 390 3041 τύχα
421 2961 585 3042 παρήγαγ’
619 2961 649 3032 ἕς
679 2961 713 3025 τὸ
745 2959 899 3038 induciis
922 2998 966 3010 ·-
980 2967 1124 3044 fortuna
1156 2962 1242 3026 enim
1266 2959 1347 3024 haec

171 3084 315 3149 abduxit
327 3084 362 3147 in
377 3105 430 3148 res
443 3085 572 3168 cognitu
588 3084 743 3168 dffciles.
776 3084 877 3148 Haud
892 3085 964 3148 sine
980 3086 1159 3149 acerbitate
1176 3085 1348 3168 Iphigenia

171 3207 249 3271 dicit
271 3207 382 3270 omnia
406 3227 490 3288 quae
515 3206 558 3270 ad
582 3208 664 3270 deos
687 3207 872 3289 pertineant
895 3207 1036 3271 obscura
1052 3226 1124 3270 esse
1139 3206 1346 3282 hominibus;

172 3326 323 3408 παράγειν
346 3348 425 3411 ergo
450 3330 482 3391 in
505 3329 626 3392 malam
648 3337 776 3410 partem
800 3329 1043 3412 accipiendum;
1067 3350 1089 3393 a
1112 3329 1182 3392 luce
1196 3327 1348 3391 mercialis

171 3449 206 3512 in
228 3449 453 3513 obscuritatem
477 3451 645 3514 abducere.

217 3568 372 3635 Ceterum
397 3573 440 3635 de
462 3571 528 3635 hoc
550 3572 653 3635 verbo
677 3572 753 3636 vide
777 3592 877 3655 supra
899 3595 933 3656 p.
960 3573 1012 3654 38.

216 3761 461 3845 παραλλάττειν.

215 3959 367 4024 Verbum
397 3957 633 4040 παραλλάττειν
663 3970 700 4025 ut
732 3959 981 4041 παραμείβετάαι
1011 3962 1099 4045 (vide
1131 3983 1163 4046 p.
1197 3962 1249 4044 38,
1284 3963 1346 4045 39.)

168 4081 362 4164 saepissime
385 4081 560 4145 adhibetur
585 4083 627 4146 de
650 4083 724 4146 loco
748 4083 924 4146 mutando:

219 4219 246 4266 1.
293 4199 465 4266 άλλάττειν
488 4201 606 4286 (τόπον)
631 4202 717 4284 παρά
740 4226 818 4268 τινα.

217 4338 247 4386 2.
294 4320 465 4387 ἀλλάττειν
487 4323 605 4409 (τόπον)
629 4322 714 4406 παρά
737 4347 824 4398 τινος.
