3038 4808
176 363 219 440 84
501 358 745 442 παραμυθεῖσθαι
767 399 808 409 -
834 367 1022 443 παρηγορεῖν.

176 558 263 613 recte
287 547 341 612 ille
357 556 463 612 mutat
476 545 585 611 ποθοδε
601 550 642 611 in
657 569 717 626 με;
733 569 811 613 nam
827 547 935 613 ποθοδε
949 551 1067 614 eiicere
1083 571 1149 614 non
1165 570 1354 634 possumus,

175 690 251 733 cum
273 670 338 734 hoc
360 670 556 753 pronomine
585 670 747 734 indicetur
767 670 850 735 haec
873 671 975 735 verba
996 668 1117 756 (τούσδε
1135 669 1256 755 μύθους)
1272 692 1356 735 nun-

175 793 257 856 tium
293 793 417 857 laetum
452 812 524 855 esse
562 812 629 874 quo
661 812 709 855 vs.
746 792 828 856 1608
860 792 1029 876 Iphigenia
1057 794 1174 857 dicitur
1203 795 1238 857 in
1269 794 1356 859 deos

175 923 308 998 recepta
333 935 414 978 esse.
461 911 528 976 Sed
553 912 590 976 in
612 911 663 976 his
685 913 794 977 verbis
816 914 950 979 haerere
969 915 1080 979 nolim.
1127 915 1245 998 Neque
1261 918 1356 981 enim

173 1057 286 1099 versus
317 1035 589 1117 corruptissimos,
623 1045 659 1098 ut
689 1035 766 1098 mihi
803 1035 965 1112 videntur,
990 1037 1153 1120 corrigere
1176 1059 1286 1120 neque
1310 1059 1357 1102 ex

173 1157 321 1220 versibus
345 1177 428 1237 quos
450 1154 597 1236 Euripidi
631 1152 869 1216 abiudicandos
891 1173 966 1216 cum
988 1154 1152 1236 plerisque
1169 1155 1356 1220 editoribus

174 1297 305 1351 censeo,
331 1278 467 1341 nimium
490 1276 619 1341 efficere
641 1272 727 1338 volo.

219 1477 407 1553 reparasti.

216 1647 293 1709 Huc
316 1663 450 1727 quoque
473 1640 669 1705 trahendum
689 1650 771 1723 puto
787 1642 925 1705 verbum
941 1649 1131 1722 παρηγορεῖν,
1147 1663 1355 1726 quamquam

171 1766 524 1848 decompositum.
555 1763 688 1845 Proprie
700 1765 938 1828 intransitivum
949 1772 1008 1828 est.
1037 1761 1176 1846 Semper
1187 1774 1245 1828 aut
1256 1765 1355 1829 abso·

171 1892 249 1964 lute‚
274 1897 332 1953 aut
354 1887 525 1950 transitive
551 1905 627 1947 cum
651 1886 837 1948 accusativo
860 1886 1066 1949 construitur.
1113 1885 1149 1948 ln
1165 1885 1230 1949 hoc
1244 1888 1354 1951 verbo

171 2011 262 2075 utin
289 2006 534 2088 παραμυθεῖσθαι
561 2008 762 2090 praepositio
784 2008 827 2071 ad
850 2006 1036 2091 analogiam
1059 2007 1235 2070 verborum
1251 2031 1355 2088 παρα-

172 2132 282 2196 πείθενν
306 2140 368 2194 etc.
388 2132 607 2193 mutationem
625 2130 820 2193 conditionis
835 2130 969 2193 alicuius
985 2129 1053 2193 fieri
1068 2130 1212 2193 indicare
1227 2131 1353 2214 coepit.

219 2253 322 2336 Apud
355 2260 502 2315 nostrum
534 2252 585 2313 bis
618 2251 774 2313 occurrit:
806 2249 933 2315 Hecub.
959 2251 1022 2313 288
1046 2271 1116 2333 sqq.
1141 2249 1232 2315 ἐλθὼν
1255 2249 1285 2314 δ’
1309 2250 1354 2324 εἷς

171 2372 334 2455 ’Λχαοοκὸν
368 2368 521 2459 reperivi}
536 2369 752 2452 παρννθρνσον·
784 2373 822 2443 ὡς
843 2372 1030 2437 ἀποκτείνειν
1053 2371 1353 2462 Φθόνοςθθγνναῖαας,

170 2488 210 2569 θος
240 2496 275 2559 πὸ
313 2499 429 2574 πρῶτον
454 2494 504 2557 οὐκ
529 2492 685 2557 ε’κπεθναπε
707 2531 751 2540 -
773 2495 897 2558 vadens
918 2495 968 2558 ad
985 2497 1151 2580 Argivum
1174 2497 1352 2560 exereitum

171 2619 280 2684 verbis
312 2618 430 2700 me'tiga
460 2618 562 2697 (ees);
595 2616 776 2700 interficere
798 2617 883 2679 em'm
906 2616 1105 2681 inm'de'asum
1127 2629 1176 2681 est
1196 2619 1355 2681 mulieres

170 2761 254 2824 quas
277 2738 427 2819 primum
459 2759 522 2801 nen
548 2738 763 2820 interfecistis.
809 2737 866 2801 Ad
890 2760 974 2821 quae
998 2739 1222 2803 Hermannus:
1245 2740 1352 2803 Inter-

163 2862 370 2944 punetienem
392 2859 551 2922 minorem
570 2881 643 2923 eum
659 2859 768 2924 media
783 2861 988 2925 commutavi.
1033 2869 1093 2933 Ὡς
1107 2872 1157 2925 est
1179 2882 1272 2925 nam
1295 2883 1353 2926 nec

171 3005 256 3066 quae
284 2992 467 3063 sequuntur
496 2982 537 3045 ab
576 2982 672 3046 Ulixe
701 2982 768 3046 diei
795 2983 868 3046 vult
895 2983 1038 3060 Hecuba,
1069 2986 1130 3048 sed
1156 2985 1231 3066 ipsa
1259 2984 1350 3059 dmi,

174 3105 304 3170 Ulixem
340 3115 377 3166 ut
403 3114 608 3185 permoveat.
655 3105 768 3167 Recte.
816 3105 957 3181 Etenim,
991 3107 1019 3168 si
1052 3106 1095 3169 ab
1130 3106 1229 3170 Ulixe
1263 3106 1352 3171 haec

169 3227 271 3288 verba
305 3225 367 3288 dici
405 3225 504 3288 vellet
538 3226 687 3304 Hecuba,
718 3226 834 3291 melius
864 3227 1014 3291 dixisset:
1038 3218 1076 3298 ἃς
1097 3227 1132 3290 πὸ
1157 3232 1274 3307 πρῶτον
1298 3229 1351 3293 οὐκ

170 3346 314 3412 ἔκτειναν.
363 3348 480 3411 Ulixes
505 3345 648 3410 Graecos
672 3348 822 3431 mitigare
844 3350 950 3431 potuit
973 3351 1063 3432 quod
1093 3350 1176 3432 ipsi
1207 3351 1351 3433 primum

169 3492 235 3533 non
260 3469 483 3533 interfecerint
508 3470 669 3545 mulieres,
694 3491 760 3533 non
784 3471 875 3553 quod
905 3470 979 3534 ille
1001 3471 1040 3532 iis
1063 3473 1256 3554 pepercerit.

212 3590 307 3653 Alter
332 3591 424 3653 locus
446 3591 502 3654 ubi
531 3591 673 3674 legimus
688 3591 752 3654 hoc
768 3592 907 3655 verbum
923 3602 974 3656 est
988 3592 1155 3656 Phoeniss.
1175 3595 1257 3673 1448
1275 3615 1349 3679 sqq.

171 3708 258 3773 πθλνν
298 3709 507 3799 ammonuit
525 3718 748 3792 παρηγορεῖτον,
787 3714 825 3785 ὡς
858 3712 981 3777 τοσόνδε
1012 3718 1085 3790 γοῦν
1118 3711 1351 3802 πθχωθθχθονὸς

175 3833 321 3911 πατρῷος
337 3872 376 3880 -
395 3835 505 3897 urbem
532 3835 658 3898 iratam
667 3836 799 3916 placate
813 3846 852 3899 ut
864 3835 1030 3900 tantillum
1044 3837 1159 3901 saltem
1170 3858 1353 3920 consequar

169 3964 276 4016 terme
291 3955 437 4036 patriae.
492 3954 708 4020 Scholiastes:
733 3956 968 4036 παραμυθεῖσθε,
993 3957 1210 4037 παραπείθεπε.

213 4074 336 4138 Notatu
364 4074 500 4156 dignum
525 4077 654 4140 videtur
681 4079 770 4159 quod
788 4079 830 4141 ad
846 4078 1004 4162 Aeschyl.
1019 4080 1183 4144 Prometh.
1204 4097 1289 4161 1009
1305 4082 1349 4147 de

169 4195 232 4259 hoc
255 4197 356 4259 verbo
384 4195 554 4259 adnotavit
578 4198 785 4264 scholiastes:
804 4202 875 4281 παρ’
892 4190 914 4264 a
931 4205 1027 4282 Φρονῶ
1046 4200 1161 4266 πείθειν.
1192 4201 1347 4268 Eandem

168 4317 234 4378 vim
258 4337 296 4380 ac
320 4336 380 4379 nos
405 4317 642 4399 praepositioni
665 4318 719 4382 ille
742 4322 928 4386 attribuisse
951 4324 1087 4388 videtur.
