3038 4808
209 309 232 369 4
724 294 871 368 πνρεῖννιι.

210 498 255 540 an
285 476 390 539 matri
417 475 547 559 quidem
578 458 702 540 adsunt
730 475 956 539 auxiliatrices
985 477 1075 549 deae,
1108 476 1167 542 isti
1192 489 1301 542 autem
1324 499 1389 542 non

210 598 333 661 adsunt
361 598 485 660 maiore
514 597 640 671 incuria
671 593 811 680 afficto?
855 596 925 678 Iph.
965 596 1044 660 Aul.
1082 613 1162 678 1352
1192 598 1323 678 σσριισὸς
1354 598 1388 662 δὲ

210 718 377 800 Μυρμιδὼν
407 716 441 782 οὔ
471 741 515 781 σοι
550 725 668 797 anaim
693 753 737 765 -
755 718 914 782 exercitus
946 740 1023 782 vero
1053 719 1301 801 Myrmidonum
1324 743 1389 785 non

209 844 328 906 aderat
348 841 433 905 tibi?

255 1081 287 1148 d.
335 1083 389 1145 Im
399 1104 420 1166 p
431 1104 449 1146 e
459 1102 497 1145 rs
507 1104 526 1145 ο
536 1082 696 1145 naliter
719 1087 858 1162 ιινιρεῖνιιι
871 1090 1043 1165 usurpatur
1054 1085 1239 1165 praeditum
1251 1087 1387 1149 notione

209 1206 339 1270 licendi.

254 1323 388 1405 νινὲρεστί
407 1348 458 1402 μοι
482 1360 524 1372 -
548 1325 667 1388 occasio
690 1324 776 1388 milti
796 1324 899 1398 adest,
916 1335 1051 1406 praesto
1074 1336 1131 1388 est.

254 1446 390 1529 Hippol.
427 1462 510 1523 1019
540 1463 588 1525 sq.
614 1439 758 1522 σρνέσσειν
781 1439 842 1522 γὰρ
866 1435 897 1505 εὗ
922 1438 1061 1522 σνὶρεσσι,
1084 1440 1216 1514 κίνδυνός
1239 1441 1385 1533 τίὶσὼνη

209 1567 332 1648 κρείσσω
365 1566 470 1630 δίδωσι
501 1572 558 1640 τῆς
587 1562 761 1644 τυραννίδος
784 1561 875 1644 χάριν
900 1601 941 1610 -
971 1587 1041 1628 rem
1064 1566 1151 1629 onim
1173 1567 1250 1630 bene
1267 1589 1389 1651 gerere

207 1693 254 1755 sic
285 1692 364 1764 licet,
400 1689 580 1771 absensque
607 1687 791 1769 pericnlum
826 1686 984 1749 maiorem
1014 1686 1159 1769 largitur
1186 1689 1387 1771 voluptatem

207 1813 390 1896 tyrannide.
437 1813 597 1893 Persaepe
622 1805 708 1887 iscipu
724 1829 784 1892 pro
803 1803 933 1887 πάρεστι
948 1808 993 1871 ita
1008 1809 1187 1872 invenitur:
1205 1809 1281 1873 Alc.
1301 1828 1387 1890 1114

210 1933 300 2010 δῶμιν
331 1931 360 1996 δ’
391 1931 529 1995 εἰσελθεῖν
562 1927 648 2008 νινὶρνι
682 1965 719 1975 -
752 1931 885 1993 domum
908 1929 1034 1992 intrare
1055 1931 1136 1994 licet.
1183 1932 1387 2014 Frequenter

209 2056 348 2121 occurrit
378 2054 583 2117 accusativus
613 2051 782 2114 absolutus
814 2037 919 2131 σιιρόν,
952 2051 1057 2135 Iphig.
1090 2052 1189 2116 Taur.
1225 2052 1309 2115 1088
1334 2074 1385 2150 sq.

209 2175 262 2240 nui
285 2176 345 2256 γὰρ
369 2173 466 2240 ἐνθάδ’
491 2175 522 2236 σύ
547 2170 785 2260 σρέσειΗνιιιέιν,
811 2169 906 2252 παρόν
931 2194 974 2235 σνι
998 2170 1087 2237 πόλιν
1111 2170 1194 2253 ἔχειν
1217 2172 1386 2251 εὐδαίμονα

209 2335 254 2346 -
287 2297 350 2361 non
384 2298 471 2360 enim
504 2296 591 2359 decet
622 2306 653 2358 te
686 2294 739 2358 hic
768 2295 931 2370 nabitare,
963 2315 1034 2358 cnm
1065 2295 1162 2358 licoat
1190 2295 1252 2358 tibi
1272 2298 1386 2361 urbem

209 2420 343 2483 incolare
365 2418 505 2481 beatum.

253 2677 283 2726 e.
330 2665 468 2738 σινρεῑνιιι
497 2677 564 2722 non
592 2657 697 2722 solum
733 2658 790 2732 „in
822 2657 888 2721 loco
913 2657 1002 2720 csse''
1035 2659 1093 2720 sed
1119 2660 1220 2723 etiam
1244 2662 1386 2735 „adve-

209 2782 346 2846 nisse”
378 2780 560 2865 significare
583 2791 704 2863 potest.

257 2921 284 2965 1.
331 2903 571 2967 Absolute
604 2904 665 2966 hac
693 2905 828 2967 notione
852 2912 1025 2986 usurpatur
1047 2903 1222 2966 Phoeniss:
1246 2905 1313 2983 446
1336 2926 1386 2988 sq.

208 3035 317 3107 μῆτερ,
340 3023 474 3106 νινὶρειμι·
498 3027 553 3101 τὴν
578 3023 669 3106 χάριν
693 3024 726 3088 δὲ
750 3024 795 3088 σοὶ
819 3018 1038 3112 διδοὺςῌῆλθνν
1054 3061 1098 3073 -
1114 3035 1229 3100 mater,
1246 3027 1389 3104 adveni‚·

208 3149 294 3214 hanc
309 3150 460 3231 gratiam
483 3149 546 3211 tibi
565 3149 650 3212 dans
665 3150 832 3230 profectus
854 3169 937 3212 snm.

254 3288 284 3333 2.
330 3271 460 3333 Eodem
497 3290 594 3333 sensu
628 3271 813 3352 praeditum
843 3290 943 3348 saepe
976 3289 1065 3332 cum
1097 3270 1387 3353 praepositio-

209 3392 334 3454 nibus
357 3391 406 3474 (ἐν,
432 3391 475 3468 ε’κ,
499 3390 561 3465 εἰσὶ,
584 3391 658 3465 cini,
677 3389 723 3475 ἐξ)
747 3392 968 3473 coniungitur:
992 3393 1097 3476 Iphig.
1114 3393 1213 3456 Taur.
1234 3409 1314 3473 1305
1334 3415 1386 3478 sq.

208 3512 261 3575 nui
274 3510 410 3592 δεσπότιν
423 3512 570 3589 anniani
585 3507 676 3576 οὕνεκ’
688 3513 717 3576 ἐν
730 3510 847 3585 ninum
856 3509 868 3600 Η
879 3509 1014 3592 noiatim,
1026 3519 1133 3577 nuccio
1145 3511 1256 3594 Φόρτνν
1268 3513 1387 3590 ἀγγέλ-

209 3647 268 3696 λων
299 3639 399 3696 κακῶν
431 3670 475 3682 -
504 3645 537 3698 ct
566 3636 640 3717 regi
660 3635 807 3699 nnntz'ate
829 3656 880 3697 mc
903 3636 1017 3699 adosse
1039 3636 1088 3698 ad
1097 3637 1205 3717 fores,
1229 3658 1387 3702 novorum

207 3777 289 3819 onus
321 3756 484 3819 malornm
518 3760 669 3840 afferens.
717 3757 802 3822 Cum
833 3759 1077 3840 praepositione
1108 3757 1148 3828 εἷς
1179 3759 1388 3842 coniungitur

209 3877 328 3941 Bacch.
359 3892 423 3957 453
456 3898 506 3960 sq.
538 3876 619 3957 νἰσόιρ
648 3877 683 3941 τὸ
712 3877 769 3954 μὲν
800 3883 878 3955 σῶμ’
904 3879 954 3942 oin
978 3874 1118 3959 ἄμορφος
1140 3873 1174 3952 εἶ,
1199 3877 1333 3967 Ziccilia
1356 3879 1388 3951 ἐς

209 4004 358 4073 nunninae
393 3998 444 4078 ἐφ’
480 3994 552 4078 ὅπερ
584 3997 613 4068 ἐς
643 3998 754 4075 Θήβας
785 3996 873 4079 νινὶρει
906 4038 945 4047 -
978 4011 1023 4073 ot,
1054 4023 1072 4063 o
1103 4001 1227 4082 nospes,
1257 4013 1388 4084 corpore

209 4119 340 4201 quidem
363 4142 426 4183 non
449 4141 483 4184 es
505 4120 672 4202 oannis,
689 4123 737 4185 ad
749 4121 902 4186 mulieres
915 4122 1035 4186 scilicet
1049 4123 1267 4206 (alliciendos)
1284 4145 1387 4208 qnam

209 4241 247 4303 ob
280 4262 414 4305 cansam
455 4242 584 4306 Thebas
617 4242 747 4306 venisti.
793 4241 889 4306 Alter
923 4242 1013 4306 locus
1050 4244 1105 4307 ubi
1142 4250 1280 4324 σννρεῖνιιι
1310 4266 1387 4309 cum
