3038 4808
649 268 876 350 παραβάλλειν.
1306 272 1345 335 61

169 461 318 541 (corpora
349 458 370 520 ι’.
385 479 411 520 e.
436 467 637 522 venustatem
660 469 827 540 corporum
852 458 1044 540 nitia’orum)
1068 458 1204 522 e'nm'cem
1227 471 1352 542 compa·

169 592 292 654 rantes,
316 581 394 643 vicit
424 580 538 644 Venus.

219 703 405 784 Hesychius
428 703 515 765 hunc
538 702 647 765 locum
671 711 707 765 ut
730 703 860 765 videtur
883 703 1060 785 respiciens
1081 703 1124 766 ad
1135 702 1349 782 παραβαλλό·

172 847 263 902 μεναι
286 825 438 888 adnotat:
464 821 679 900 ἐξαπατῶσαι,
705 823 1038 903 παρακατατιθέμενοι.
1086 825 1174 887 Prior
1199 825 1351 907 glossae

172 947 304 1010 scholiis
337 947 466 1009 videtur
495 936 573 1009 nata
597 966 678 1009 esse.
704 944 903 1009 Scholiastes
929 947 1016 1008 enirn
1041 947 1175 1029 quidam
1198 947 1349 1011 adnotat:

174 1066 383 1143 ἐπαγγελίαις
407 1064 507 1141 λόγιον
533 1063 743 1142 βλαπτόντων
766 1065 858 1129 αὐτὸν
881 1065 934 1129 καὶ
958 1066 1014 1140 τὴν
1040 1065 1128 1130 πόλιν
1152 1067 1244 1130 κὺτοῦ
1267 1067 1352 1130 άπα-

172 1193 271 1252 τάσαι
293 1185 346 1251 καὶ
370 1184 584 1267 ἐφελκόμεναι.
621 1187 674 1248 Ex
695 1187 758 1250 hoc
783 1187 907 1250 scholio
931 1195 1069 1271 apparet
1094 1187 1296 1269 Hesychium
1319 1197 1353 1251 et

173 1310 370 1373 scholiasten
396 1306 681 1388 παραβαλλόμεναι
705 1308 789 1371 hanc
813 1309 857 1370 ob
881 1329 1014 1371 causam
1031 1309 1262 1391 interpretatos
1279 1330 1351 1372 esse

171 1451 237 1512 ope
260 1431 422 1514 participii
445 1427 662 1505 ἐξαπατῶσαν,
688 1430 777 1511 quod
801 1431 1028 1511 cogitaverunt
1052 1431 1093 1493 de
1113 1431 1223 1493 verbis
1243 1431 1352 1511 qualia

174 1674 249 1737 Hoc
273 1674 394 1736 indicat
418 1673 527 1755 glossa
552 1671 769 1754 ἐφελκόμεναι.
795 1674 890 1736 Hanc
913 1683 1026 1737 autem
1048 1675 1351 1754 interpretationem

171 1813 215 1855 eo
246 1792 352 1854 minus
382 1793 605 1854 commendari
637 1792 776 1854 dixerim
799 1793 889 1872 quod
914 1812 1022 1872 neque
1046 1791 1221 1873 Euripides
1244 1810 1351 1871 neque

173 1935 254 1977 vero
271 1915 351 1976 alius
368 1913 550 1994 quisquam,
568 1922 725 1994 quantum
742 1915 820 1988 sci0,
837 1934 877 1977 ea
894 1914 924 1975 vi
938 1914 1076 1976 verbum
1089 1910 1352 1993 παραβάλλεσθαι

171 2036 331 2099 adhibuit.
357 2036 443 2097 Nam
466 2036 555 2117 apud
578 2036 798 2110 Herodotum,
822 2037 845 2097 l.
868 2038 928 2098 108
947 2034 1025 2112 μηδὲ
1042 2033 1097 2112 ε’μέ
1115 2057 1150 2097 τε
1167 2031 1351 2114 πκραβάλρ,

173 2179 260 2241 quae
290 2158 393 2221 verba
425 2157 615 2220 Dindorfius
639 2158 752 2221 vertit:
778 2181 856 2221 neve
878 2180 930 2221 me
952 2159 1103 2240 deceptas,
1128 2178 1194 2220 non
1217 2178 1351 2220 necesse

171 2289 224 2343 est
262 2288 298 2342 ut
336 2280 532 2361 accipiamus
566 2279 651 2341 hanc
685 2280 871 2362 decipiendi
905 2283 1083 2353 notionem,
1118 2301 1192 2343 curn
1227 2281 1351 2362 optime

172 2410 300 2466 vertere
330 2403 511 2484 possimus:
542 2423 625 2464 neve
655 2424 706 2464 me
728 2403 873 2483 periculo
903 2403 1045 2466 obiectes.
1093 2402 1235 2465 Accedit
1262 2401 1351 2482 quod

173 2533 286 2588 nostro
295 2524 368 2587 loco
381 2523 559 2606 Euripideo
573 2543 614 2585 ne
626 2544 701 2586 cum
714 2525 875 2587 sententia
888 2524 1021 2605 quidem
1032 2545 1183 2588 versuum
1196 2525 1352 2587 convenit

172 2646 265 2709 notio
288 2644 430 2718 fallendi,
455 2645 725 2727 quandoquidem
741 2667 850 2728 neque
866 2647 1028 2710 Iunonem
1045 2666 1153 2728 neque
1170 2646 1352 2708 Minervam

174 2767 307 2830 insidias
330 2767 436 2829 Paridi
460 2767 616 2831 struxisse
639 2769 707 2830 iure
731 2769 922 2831 contendas.

219 2887 364 2950 Alterius
381 2888 607 2971 explicationis
625 2889 794 2971 Hesychii,
812 2888 1147 2967 παρακατατιόέμεναι,
1162 2888 1352 2971 exemplum

174 3011 337 3074 habemus
362 3012 393 3072 in
417 3009 591 3073 Aeschinis
615 3009 850 3092 Ctesiphontea
869 3008 891 3095 ξ
912 3012 973 3073 180
990 3011 1045 3072 ubi
1064 3006 1352 3088 παρακαταθέμενοι

173 3131 217 3196 τά
241 3131 377 3209 σώματα
396 3131 557 3215 significat
572 3133 801 3195 committentes
815 3142 948 3213 corpora
956 3132 1123 3214 periculis.
1149 3132 1243 3195 Haec
1260 3132 1351 3207 notio

174 3263 287 3317 nostro
311 3254 385 3317 loco
408 3253 588 3336 Euripideo
613 3273 679 3315 non
702 3255 852 3334 quadrat.

219 3375 338 3439 Melius
354 3376 509 3438 convenit
524 3395 599 3437 cum
616 3375 679 3437 loci
695 3377 857 3438 sententia
873 3375 1097 3458 interpretatio
1109 3395 1194 3456 quae
1206 3376 1351 3437 secundo

174 3499 250 3561 loco
274 3498 306 3560 in
330 3497 460 3560 scholiis
484 3497 623 3570 affertur,
648 3497 862 3581 neglegenter
882 3519 921 3561 ea
941 3499 1077 3580 quidem
1094 3507 1131 3561 ut
1145 3497 1215 3560 fieri
1231 3497 1353 3560 assolet

173 3640 249 3682 curn
262 3618 482 3701 praecedente
495 3619 527 3681 in
541 3639 641 3681 unum
653 3639 821 3683 connexa:
836 3618 988 3699 ἐριστικοῖς
998 3620 1090 3703 (legit
1102 3619 1155 3681 ille
1169 3616 1352 3702 δυσφρόνων)

175 3738 278 3816 λόγοις
307 3738 544 3820 διαμαχόμενοι
572 3739 646 3819 πρὸς
673 3739 819 3814 άλλάλας
848 3739 901 3805 καὶ
933 3736 987 3805 οἷον
1012 3737 1277 3820 παραβάλλουσαι
1308 3741 1351 3805 τά

174 3860 525 3936 emmerammum
550 3860 758 3942 σννκρόνονσκι
783 3863 811 3925 ἐν
835 3861 1013 3946 φιλονεικία.

220 3985 276 4048 Ad
311 3986 518 4068 participium
555 3983 841 4064 παραβαλλόμεναι
872 4006 916 4048 ex
945 3986 1219 4066 praecedentibus
1251 3985 1352 4048 verba

176 4105 312 4184 στόματα
332 4106 492 4184 κὶνλάντα
514 4106 674 4171 trahenda
698 4116 779 4189 puto
803 4115 837 4170 et
859 4108 1073 4171 vertendum:
1096 4119 1229 4190 corpora
1245 4106 1352 4170 m'te'da

175 4229 313 4292 invicem
329 4239 560 4311 comparantes.
585 4229 758 4292 Praeterea
774 4248 840 4291 non
852 4230 1032 4312 legendum
1048 4238 1097 4294 est
1113 4227 1141 4291 δ’
1158 4225 1304 4307 εὐφρόναν
1318 4236 1353 4290 ut
