3038 4808
204 310 247 391 76
682 304 894 387 παραδιδόναι.

196 498 284 579 pites
305 495 462 578 supplices
484 494 645 558 dedamus
659 493 750 557 iussu
766 493 941 577 Argorum.
965 493 1197 576 Negligentiae
1213 492 1383 574 quaedam

203 620 293 681 notio
327 618 421 692 inest,
456 636 556 699 quam
590 615 633 677 ad
668 615 807 678 verbum
844 613 980 693 παριέναι
1015 634 1148 696 quoque
1181 614 1384 676 notavimus.

204 734 343 818 Saepius
365 755 439 797 cum
463 734 574 796 dativo
598 752 759 814 personae
781 733 833 794 cui
857 732 999 814 aliquem
1022 733 1196 797 dedimus:
1213 734 1383 798 Phoeniss.

207 872 290 937 1232
322 853 493 931 ἡσσωμένος
523 852 555 917 δὲ
586 851 663 933 τῷδε
694 851 866 934 παραδώσω
898 851 987 917 πόλιν
1011 891 1051 900 -
1075 854 1182 918 victas
1208 877 1287 920 vero
1309 855 1389 920 huic

202 979 322 1042 dedam
337 978 458 1041 urbem.
476 977 546 1059 Iph.
563 975 639 1038 Aul.
661 976 743 1057 1278
760 972 870 1057 Φεύνει
887 997 921 1037 σε
938 975 1040 1055 πατὴρ
1052 975 1147 1056 ’Άιδρ
1167 975 1327 1058 παραδούς
1340 1013 1385 1026 -

194 1101 294 1182 fugit
320 1109 351 1163 te
374 1109 473 1180 pater
501 1099 635 1162 tradens
663 1098 805 1162 Plutoni.
852 1097 981 1161 Eodem
1012 1098 1113 1161 modo
1146 1100 1190 1162 de
1211 1099 1386 1163 Alcestide

205 1222 362 1305 legimus:
385 1218 478 1300 Ἀιδρ
497 1216 625 1289 θάναπος
641 1216 799 1299 παρέδωκε
813 1218 949 1302 (Alcest.
967 1220 1061 1302 87r);
1078 1218 1213 1296 Helena
1229 1238 1271 1283 22
1276 1234 1291 1300 5
1312 1240 1387 1302 sqq.

205 1340 255 1406 διά
287 1341 320 1405 δὲ
350 1340 466 1411 πόλεας
496 1338 755 1428 ἔρχεσαιΗβάξις,
787 1334 810 1404 ἀ
836 1365 871 1405 σε
893 1337 1234 1428 βαρβάροισιΙρλέχεσι,
1260 1340 1386 1417 πότνια,

205 1461 397 1545 παραδίδωσι
429 1500 471 1510 -
500 1466 562 1528 sca'
580 1474 646 1544 per
677 1463 834 1528 Graeciae
863 1463 959 1527 urbes
987 1462 1085 1527 vadit
1106 1464 1221 1543 fama,
1245 1484 1334 1546 quae
1357 1473 1388 1526 te

204 1587 345 1651 barbaro
374 1585 535 1659 connubio,
566 1586 804 1658 οαειιανααάα,
829 1583 942 1648 tradit.
967 1581 1077 1664 λέχεσι
1102 1585 1155 1647 i.e.
1181 1581 1280 1660 πόσει,
1306 1593 1387 1647 ute

205 1709 353 1790 sequenti
376 1728 472 1771 versu
495 1715 649 1790 apparet:
674 1705 687 1769 ὃ
711 1705 743 1770 δὲ
768 1705 818 1777 σδς
843 1704 943 1779 πόσις.

251 1831 321 1893 lam
346 1831 388 1892 ad
411 1828 668 1893 translatum
692 1849 788 1892 usum
811 1829 976 1891 venimus:

254 1968 281 2012 1.
328 1949 528 2032 Simpliciter
551 1951 724 2013 adhibetur
742 1947 944 2029 παραδιδόναι
966 1949 1017 2013 de
1043 1950 1172 2013 rebus
1196 1948 1388 2012 adstrac-

204 2074 261 2137 tis
284 2092 365 2154 quas
388 2071 483 2135 alicui
506 2071 675 2136 tradimus.
700 2072 758 2134 lon
781 2071 848 2151 690
870 2091 919 2152 sq.
943 2067 1060 2142 ἀποπος
1082 2066 1192 2135 ἀποπα
1207 2070 1268 2150 νάρ
1286 2091 1388 2150 παρα-

207 2192 317 2256 δίδωσί
345 2189 506 2280 μοιΗπάδε
535 2193 596 2255 θεοῦ
626 2193 724 2273 <pilari
756 2231 796 2240 —
828 2193 916 2256 mi'ra
946 2192 1033 2256 enim
1064 2193 1145 2256 haec
1170 2192 1260 2257 milri
1281 2191 1391 2255 tradit

206 2314 372 2376 oraculum
403 2315 525 2377 mirum
555 2314 617 2376 a'ci.
664 2313 825 2377 Maiorem
858 2315 926 2378 vim
956 2314 1059 2377 habet
1091 2313 1291 2396 praepositio
1321 2310 1388 2374 hoc

207 2436 281 2498 loco
312 2456 410 2518 quam
436 2437 598 2518 sequenti,
631 2456 725 2499 versu
752 2435 893 2498 Medeae
917 2437 981 2499 628
1005 2456 1077 2518 sqq.
1102 2433 1208 2515 ἔρωτες
1230 2433 1305 2512 ὑπὲρ
1329 2431 1388 2511 μὲν

206 2552 454 2644 ἀνανΗέλθόνπες
484 2558 534 2620 οὐκ
565 2554 796 2644 εὐδοξίανΗούδ
828 2555 940 2636 ἀρεπάν
973 2555 1150 2637 παρέδωκαν
1173 2553 1318 2635 ἀνδράσιν
1344 2592 1386 2602 -

206 2695 334 2738 amares
349 2675 487 2738 nimium
504 2674 634 2757 quidem
650 2675 684 2737 in
700 2675 831 2738 modam
845 2675 1032 2758 ingruentes
1045 2696 1108 2739 non
1120 2674 1237 2739 bonam
1244 2678 1387 2757 famam

204 2816 306 2878 neque
328 2796 459 2859 laudem
483 2797 643 2860 dederunt
664 2795 757 2859 viris.

251 2937 281 2982 2.
327 2918 559 2982 Translate
598 2915 800 2997 παραδιδόναι
841 2927 1014 3000 usurpatur
1048 2926 1084 2980 ut
1118 2918 1281 2983 indicetur
1317 2919 1387 2984 ali-

205 3040 306 3121 quid
341 3041 378 3101 in
412 3048 679 3122 potestatem
710 3039 895 3102 alicuius
926 3040 1036 3102 dedi.
1082 3040 1205 3103 Troad.
1236 3058 1303 3120 419
1335 3062 1386 3124 sq.

206 3170 365 3244 sequente
388 3161 547 3224 infinitivo
572 3160 676 3223 finali:
702 3162 822 3240 Ἀργεῖ’
847 3159 944 3234 ὀνείδη
967 3158 1021 3224 καὶ
1045 3165 1169 3240 Φρυγῶν
1193 3159 1386 3250 ἕπαινέσειςΗ

204 3282 326 3358 ἀνέμοις
355 3282 496 3362 atrata
528 3281 725 3362 παραδίδωμ’
759 3320 803 3330 -
833 3283 977 3347 convicia
1004 3283 1040 3346 in
1062 3283 1207 3366 Argc'vos
1229 3295 1261 3347 et
1281 3284 1388 3367 Pliry-

199 3424 282 3486 gum
305 3404 419 3467 laudes
441 3405 546 3468 ventis
560 3405 708 3484 ferenda
732 3405 838 3467 trado.

251 3525 413 3588 Notabilis
445 3547 521 3589 usus
545 3534 596 3588 est
619 3525 743 3588 Phoen.
773 3541 855 3605 1392
879 3546 929 3607 sq.
954 3523 1134 3597 Πολυνείκης
1158 3524 1185 3588 δ’
1210 3524 1388 3600 ἀπήντησεν

207 3644 424 3734 titillatam
448 3645 553 3727 σιδήρῳ
579 3646 802 3725 παραδοθεῖσαν
825 3645 939 3710 εἰσιδών
964 3685 1004 3694 -
1028 3648 1090 3710 sea'
1104 3648 1270 3729 Polynices
1285 3669 1389 3712 accur·

206 3768 253 3830 rit
273 3768 372 3832 hasta
387 3770 528 3852 plagam
544 3772 641 3848 ferra
664 3768 823 3832 traditam
849 3769 1056 3850 conspicatus.
1081 3767 1188 3832 Aliter
1212 3769 1390 3832 Kinkelius

207 3888 286 3951 mihi
311 3889 438 3951 videtur
461 3891 570 3953 locum
593 3892 760 3973 accepisse
783 3890 839 3971 qui
864 3891 1018 3953 adnotat:
1042 3891 1116 3954 Der
1133 3890 1390 3973 Grieclcefasste

206 4011 260 4074 a'ic
288 4011 495 4073 Aasscnwclt
523 4034 559 4073 so
588 4011 718 4092 lettast
741 4013 813 4091 aus,
838 4012 917 4074 dass
939 4033 977 4074 cr
998 4012 1117 4094 hiufig
1137 4011 1255 4075 directa
1276 4013 1389 4076 Bczie·

206 4132 336 4214 hungeri
368 4131 513 4205 statairt,
546 4153 597 4195 wo
619 4134 686 4195 αιὶν
707 4133 799 4196 einen
827 4132 966 4214 Umweg
985 4131 1131 4195 machin.
1169 4134 1242 4196 Der
1262 4133 1393 4217 Sclrlag

206 4252 252 4314 ist
277 4253 329 4315 cin
359 4251 493 4315 dc'rcctes
526 4251 690 4316 Gcsclcenk
725 4254 784 4317 der
812 4253 928 4317 Bla'ssc
958 4275 1002 4317 an
1025 4255 1100 4317 dem
1122 4252 1234 4334 Spccr.
1281 4254 1388 4318 Nimis
