3038 4808
176 325 220 410 36
505 319 714 406 παρέρχεσθαι
736 361 781 374 -
809 321 1025 408 παρατρέχειν.

175 509 232 577 θεῖν
254 511 480 585 -excedere,
508 512 700 596 transgredi
731 509 920 595 significare
950 511 1029 576 vult.
1075 511 1152 577 Hoc
1181 513 1208 577 si
1236 533 1352 580 verum

174 645 272 711 esset,
303 630 391 715 τθχν
421 641 535 698 nostro
565 632 641 697 loco
672 642 800 715 tempus
820 633 877 698 vel
893 633 1037 717 spatium
1059 633 1149 699 vitae
1171 634 1351 716 indicaret;

172 757 373 839 nequiquam
406 764 517 820 autem
548 755 638 838 apud
667 755 816 820 eundem
845 753 1051 840 Stephanum
1080 756 1178 820 huius
1207 757 1353 822 notionis

172 878 325 962 exempla
347 878 505 961 quaesivi.

219 1000 376 1081 παρελθεῖν
408 1000 464 1073 riu
493 997 596 1080 τύχην
626 1007 678 1063 est
699 997 748 1064 ita
763 998 952 1082 praeterire
965 1000 1094 1081 satum,
1118 1009 1157 1064 ut
1176 999 1352 1067 lateamus.

172 1119 258 1202 τθχν
284 1123 532 1204 quodammodo
556 1121 648 1205 quasi
670 1140 814 1203 persona
840 1121 1032 1206 accipienda
1054 1127 1114 1184 est.
1161 1120 1202 1185 ci.
1226 1120 1351 1188 Aeson

171 1243 336 1309 Prometh.
370 1245 432 1325 518
463 1239 566 1307 οὔκουν
588 1238 625 1304 ἄν
652 1240 783 1321 ἐκφύγοι
807 1263 846 1317 γε
873 1241 930 1316 τὴν
953 1240 1158 1324 πεπρωμένην.
1191 1243 1353 1324 παρελθεῖν

170 1366 359 1449 praeditum
390 1385 487 1428 sensu
519 1365 686 1429 latendi
718 1364 808 1446 apud
833 1364 914 1428 alios
936 1385 1070 1448 quoque
1093 1385 1160 1430 non
1183 1367 1352 1431 insolitum

172 1495 232 1561 est,
258 1483 414 1569 Sophocl.
438 1485 556 1549 Trach.
582 1484 648 1549 226
671 1506 720 1568 sq.
745 1482 816 1550 ιθθε
830 1485 865 1564 μ’
881 1482 1185 1576 θμματεςθθφρενρθιν
1202 1487 1351 1567 παρῆλθε,

171 1607 254 1671 Plut.
285 1626 432 1689 compar.
465 1607 579 1670 Niciae
609 1614 643 1670 et
673 1605 780 1671 Crassi
813 1606 846 1670 II
878 1602 951 1688 θ’πεν
981 1607 1065 1685 ‘Iade
1093 1605 1123 1670 ἕν
1149 1614 1189 1689 τῇ
1212 1605 1350 1685 διαχύσει

173 1728 375 1811 παρελθλνθ.

215 1972 248 2040 (I.
295 1972 524 2054 Superare.

215 2094 347 2158 Deinde
378 2093 536 2174 παρελθεῖν
559 2113 909 2177 erra—superare
938 2093 1128 2176 aliquem
1161 2102 1351 2177 praeter·

171 2216 321 2281 eundo.
368 2214 451 2279 Orta
482 2224 532 2280 est
554 2215 638 2279 haec
662 2215 763 2292 notio,
788 2236 865 2279 cum
887 2235 1063 2300 personam
1084 2235 1184 2298 quam
1206 2225 1350 2299 praeter·

170 2340 257 2400 imus
287 2357 353 2400 non
383 2358 444 2400 suo
475 2337 550 2401 loco
580 2347 770 2402 manentem
799 2340 860 2402 sed
892 2347 1037 2412 euntem,
1071 2339 1194 2402 tardius
1225 2346 1349 2417 tamen,

170 2459 333 2541 fingimus.
381 2458 503 2521 Iterum
526 2458 639 2523 localis
663 2479 741 2522 usus
764 2460 857 2542 apud
880 2467 1027 2523 nostrum
1042 2458 1146 2524 abest.
1181 2458 1349 2523 Homerus

171 2579 351 2643 dilucidum
382 2580 572 2663 exemplum
604 2581 699 2644 nobis
731 2580 870 2663 praebet
904 2581 936 2642 in
967 2580 1146 2643 certamine
1176 2600 1348 2661 equorum,

169 2699 261 2765 Iliad.
296 2701 421 2764 XXIII.
457 2716 519 2782 345
557 2702 608 2765 οὐκ
643 2699 714 2776 ἔσθ’,
750 2697 781 2772 θα
810 2699 845 2765 κέ
876 2702 904 2764 τ’
939 2695 1025 2782 ἕλρει
1054 2697 1251 2778 μετιθλμενις
1280 2698 1351 2764 οὐδὲ

170 2822 305 2904 παρέλθρ
317 2860 362 2869 -
373 2844 436 2886 non
452 2823 518 2886 erit
530 2824 590 2905 qui
603 2833 635 2887 te
651 2833 852 2906 assequatur
867 2823 1027 2888 insecutus
1040 2843 1144 2905 neque
1146 2831 1347 2904 praetereat.

213 2944 385 3008 Translate
408 2943 526 3027 legitur
548 2944 712 3009 Androm.
739 2961 804 3026 229
819 2964 870 3026 sq.
887 2944 932 3022 μθι
948 2944 1005 3019 τὴν
1019 2945 1166 3007 τεκοῦσαν
1182 2949 1221 3023 τῇ
1237 2945 1349 3023 Φιλαν-

170 3063 235 3147 δρθρι
259 3061 469 3153 χθναιθθζήτει
494 3065 706 3146 παρελθεῖν-
720 3066 789 3130 noli
811 3066 933 3142 conari,
956 3064 1083 3141 mulier,
1098 3063 1237 3128 matrem
1254 3074 1348 3130 tuam

168 3208 279 3251 amore
301 3188 448 3251 verorum
463 3200 630 3270 superare.
678 3187 794 3254 Bacch.
819 3201 881 3269 905
899 3207 950 3269 sq.
965 3180 1054 3267 ἕτερα
1069 3184 1097 3250 θ’
1113 3180 1211 3266 ἕτερον
1225 3179 1324 3267 ἕτερον
1333 3183 1346 3276 ll

168 3305 250 3388 ὄλβῳ
282 3308 336 3373 καὶ
368 3305 496 3386 δυνάμει
529 3309 680 3388 παρῆλθεν
705 3345 744 3356 -
771 3310 842 3374 alia
873 3309 1000 3374 ratrbne
1027 3330 1104 3373 vero
1130 3308 1218 3372 alius
1240 3307 1347 3372 ale'eem

158 3430 323 3510 felicitate
344 3441 378 3495 et
389 3430 539 3512 potentia
560 3441 704 3514 superat.

215 3623 432 3705 παρατρέχειν.
481 3623 728 3708 (παραδραμεῖν).

213 3793 362 3856 Verbum
395 3792 602 3874 παρατρέχειν
632 3795 753 3858 eodem
787 3793 888 3858 modo
919 3793 1092 3858 adhibetur
1114 3803 1214 3878 atque
1238 3792 1347 3877 παρέ-

169 3914 280 3994 χεσθαι
305 3915 365 3978 nisi
387 3917 476 3998 quod
501 3917 589 3980 idem
612 3917 786 3981 discrimen
812 3925 924 3981 manet
946 3919 1029 3982 inter
1051 3917 1236 4000 composita
1254 3919 1348 4000 quod

167 4037 252 4099 inter
270 4037 429 4120 simplicia
445 4035 566 4118 τρέχειν
582 4039 736 4121 (currere)
749 4047 783 4103 et
798 4037 875 4104 ἰέναι
886 4039 962 4123 (ire)
973 4039 1038 4103 iam
1049 4047 1168 4114 exstat,
1180 4048 1348 4123 quatenus

167 4156 264 4222 locali
287 4179 383 4221 sensu
407 4168 612 4243 usurpantur.

213 4280 314 4363 Apud
332 4289 478 4345 nostrum
494 4300 560 4344 uno
571 4281 646 4345 loco
658 4282 816 4348 translate
830 4283 1015 4349 adhibetur.
1054 4284 1151 4350 Herc.
1165 4284 1242 4348 Fur.
1259 4303 1348 4352 1020
