3038 4808
208 380 252 446 90
675 377 909 430 cousnncnus

207 571 306 633 quem
337 552 474 615 denotat
508 552 597 636 apud
627 560 786 628 nostrum,
817 552 908 636 apud
939 551 1022 616 alios
1044 563 1181 635 praeter
1209 553 1386 638 significat.

207 674 251 756 tp·
278 675 329 754 58,
357 676 420 757 59·)

252 793 379 876 Quater
407 796 510 860 verbo
542 794 678 875 παριέναι
704 795 853 879 adiungit
878 804 1031 859 neutrum
1056 797 1218 872 adiectivi,
1242 805 1278 861 ut
1300 798 1390 862 desi-

208 926 326 1000 gnetur
364 919 613 982 meditationem
648 919 782 981 alicuius
818 920 864 981 rei
889 916 1097 1000 negligenter
1119 919 1240 982 omitti.
1287 919 1391 984 Hanc

207 1047 402 1102 structuram
424 1050 523 1122 poeta
546 1048 656 1102 noster
679 1040 853 1103 adamasse
876 1039 1012 1102 videtur.
1038 1039 1081 1122 (p.
1106 1041 1161 1119 64,
1185 1040 1252 1123 65.)

250 1160 459 1244 Participium
484 1161 589 1242 παρείς
611 1162 661 1225 bis
686 1182 760 1225 curn
784 1162 886 1225 verbo
911 1160 963 1225 εἀἳν
987 1163 1173 1245 coniungit;
1197 1162 1284 1227 hanc
1306 1184 1391 1228 con·

205 1284 417 1346 structionem
433 1285 523 1367 apud
535 1283 737 1366 Sophoclem
750 1283 857 1347 solum
868 1304 935 1346 uno
947 1284 1020 1346 loco
1032 1285 1230 1347 invenimus.
1255 1285 1299 1368 (p.
1313 1286 1337 1348 6
1340 1289 1389 1372 5.)

250 1403 434 1469 Perfectum
456 1407 621 1488 passivum
644 1405 803 1486 arreptitiae
826 1404 1032 1487 (praesertim
1053 1405 1263 1487 participium
1280 1429 1390 1487 παρει-

206 1523 305 1608 μένας)
346 1526 531 1608 frequenter
573 1536 708 1610 usurpat
748 1527 884 1590 notione
928 1525 1118 1609 languendi,
1163 1546 1249 1608 quae
1290 1531 1389 1595 notio

205 1649 349 1731 pedestri
373 1650 512 1713 orationi
536 1651 687 1732 proprior
709 1660 769 1713 est.
795 1651 838 1732 (p.
864 1648 918 1724 66,
942 1649 1010 1731 67.)

250 1771 398 1834 Verbum
430 1777 623 1850 παρακαλεῖν
652 1772 776 1834 ironico
808 1768 953 1852 quodam
987 1767 1096 1833 colore
1120 1771 1172 1834 bis
1194 1772 1388 1853 adhibetur,

205 1912 271 1974 quo
294 1893 479 1974 praeditum
503 1894 591 1974 apud
614 1894 695 1955 alios
718 1913 784 1955 non
806 1892 967 1955 videmus.
992 1892 1035 1975 (p.
1062 1891 1127 1975 71.)

251 2013 363 2077 Verba
396 2013 610 2092 παραόόλπειν
645 2024 678 2077 et
713 2019 914 2094 παρακαλεῖν
952 2013 1041 2095 apud
1076 2021 1223 2078 nostrum
1254 2024 1387 2082 tantum

206 2154 375 2199 occurrere
399 2135 561 2199 videntur.
586 2136 629 2218 (p.
655 2137 710 2210 82,
736 2137 800 2218 83.)

250 2252 423 2333 Euripides
461 2253 551 2315 verbi
590 2250 805 2333 παρακόπτειν
845 2273 922 2315 usus
962 2261 1011 2315 est
1046 2252 1155 2316 activa
1192 2253 1310 2332 forma,
1348 2266 1385 2322 ut

205 2370 363 2433 indicaret
378 2369 521 2451 aliquem
533 2371 667 2433 alicuius
684 2381 829 2434 mentem
846 2369 933 2434 male
948 2370 1088 2452 pulsare.
1136 2370 1240 2453 Apud
1252 2382 1382 2438 ceteros

205 2492 380 2572 scriptores
409 2493 540 2573 passiva
572 2492 677 2555 forma
699 2502 826 2556 tantum
850 2491 914 2554 hoc
938 2512 1035 2555 sensu
1060 2492 1208 2556 occurrit.
1257 2495 1381 2560 Intran-

205 2614 298 2674 sitive
323 2613 534 2693 παρακόπτειν
558 2623 591 2677 et
615 2614 854 2692 παραπλόττειν
872 2614 961 2696 apud
978 2621 1127 2676 nostrum
1145 2635 1211 2677 non
1228 2615 1384 2699 leguntur

205 2735 339 2796 notione
362 2734 532 2810 delirandi,
557 2756 622 2816 qua
645 2756 746 2817 saepe
770 2736 859 2817 apud
883 2736 965 2798 alios
990 2733 1201 2814 παρακόπτειν
1226 2746 1260 2800 et
1284 2760 1382 2819 παρα·

205 2856 304 2920 παίειν
328 2859 544 2921 inveniuntur.
568 2858 611 2940 (p.
637 2859 689 2937 85,
715 2858 779 2941 86.)
