3038 4808
541 272 679 348 παρεῖναι
702 303 747 316 -
771 265 986 348 παρίστασθαι.
1062 289 1064 292 ’
1333 285 1352 352 7

221 457 307 520 Aliis
331 457 411 519 locis
435 464 555 548 tamen,
579 475 663 537 quos
686 476 786 539 supra
808 456 998 529 memoravi,
1024 461 1162 535 παρεῖναι
1186 476 1260 519 cum
1283 456 1355 521 solo
1439 510 1441 514 .

174 579 363 642 accusativo
379 578 586 658 coniungitur
603 597 711 658 neque
727 576 780 639 hic
797 597 873 639 usus
889 578 977 659 apud
990 576 1192 660 Sophoclem
1205 579 1354 642 occurrit.

177 697 228 780 (cf.
268 697 410 771 Ellendt,
451 697 599 760 Lexicon
638 696 795 781 Sophocl.
834 699 868 760 in
906 700 1012 781 voce).
1075 697 1157 762 Cum
1194 701 1356 763 adverbio

175 818 257 899 δεῦρο
280 819 445 881 invenitur
469 817 554 882 Oed.
579 817 696 882 Colon.
726 832 806 899 1253
833 815 963 910 πιίρεστι
989 818 1070 899 δεῦρο
1095 819 1275 895 Πολυνείκης
1290 817 1353 885 ὅδε.

177 940 277 1024 Apud
312 940 462 1020 Thucyd.
499 940 554 1003 Ill.
589 941 618 1002 8.
656 938 858 1026 Ὀλυμπίαζε
890 946 1039 1020 παρεῖναι.
1093 940 1280 1024 Stephanus
1311 944 1353 1007 de

174 1063 362 1126 accusativo
382 1060 461 1123 nihil
477 1062 630 1125 adnotat:
648 1058 797 1140 ,,πιίρειμι
813 1049 919 1126 motus
933 1063 1203 1147 sigmficatrhnem
1219 1064 1352 1139 habens,

173 1193 215 1246 ut
223 1184 346 1257 adsum,
356 1183 519 1246 interdum
531 1202 602 1244 cum
616 1181 665 1254 είς,
679 1180 761 1261 τρίς,
774 1180 829 1246 ε’τί
839 1183 894 1246 vel
901 1194 984 1246 certe
995 1184 1149 1247 adverbio
1162 1185 1210 1247 ad
1217 1186 1352 1248 locum.”

220 1301 335 1366 Solum
359 1286 578 1366 accusativum
599 1303 741 1366 adiicere
757 1304 904 1385 Euripidi
920 1304 1084 1386 peculiare
1100 1306 1199 1368 fuisse
1215 1307 1353 1382 videtur,

172 1425 227 1486 cui
250 1425 283 1488 in
300 1425 417 1487 ceteris
432 1425 720 1507 appropinquandi
738 1425 847 1487 verbis
865 1425 989 1507 (μολεῖν,
1006 1422 1161 1504 πελθζειι,
1176 1425 1248 1489 ίέιαι
1264 1429 1352 1511 cett.)

120 1580 122 1582 ν
171 1546 257 1609 hacc
279 1544 488 1626 αρχαισιιστία
511 1567 585 1610 cum
609 1547 679 1609 aliis
702 1549 809 1629 poetis
833 1548 1071 1629 antiquioribus
1087 1551 1275 1612 communis
1292 1559 1351 1613 est.

176 1667 292 1748 Neque
334 1669 431 1752 certis
472 1677 659 1752 temporum
701 1667 820 1731 finibus
859 1668 912 1731 hic
951 1690 1028 1732 usus
1066 1671 1351 1733 circumscribitur.

176 1787 324 1852 Occurrit
346 1791 433 1851 enim
457 1790 490 1851 in
513 1791 740 1870 antiquissima
764 1789 874 1852 fabula
897 1789 1093 1874 Hippolyto,
1117 1790 1151 1853 in
1167 1793 1351 1854 recentiore

173 1909 315 1984 Electra,
339 1911 372 1972 in
396 1912 620 1974 recentissima
643 1911 788 1973 Eacchis.

218 2049 250 2109 4.
297 2030 403 2095 Cum
437 2033 708 2115 participio
740 2033 930 2114 saepissime
955 2032 1074 2095 eodem
1097 2054 1194 2096 sensu
1219 2033 1351 2096 coniun-

171 2151 276 2236 gitur:
302 2153 469 2217 Phoeniss
493 2155 560 2233 604
582 2150 631 2227 σῖίς
655 2152 692 2217 σὺ
717 2153 867 2233 πορθήσων
893 2151 981 2234 πιίρει
1005 2190 1048 2202 -
1071 2177 1156 2236 quas
1178 2175 1351 2219 eversurus

169 2283 209 2336 tu
232 2275 321 2338 ades.
353 2275 475 2339 Bacch.
498 2293 566 2357 434
589 2273 744 2355 πιίρεσμειι
768 2274 853 2349 τήνδ’
878 2272 978 2355 θίγραι
1002 2274 1180 2356 ἠγρευκότες
1197 2315 1236 2324 -
1255 2278 1350 2341 adsu-

173 2415 248 2459 mus
277 2396 363 2460 hanc
384 2398 549 2479 praedam
573 2409 701 2480 captam
726 2398 890 2463 habentes.
917 2398 1048 2460 Rhesus
1074 2415 1136 2478 392
1162 2419 1210 2480 sq.
1236 2420 1350 2474 ruyru-

170 2513 346 2595 τασκιίψιιν
377 2517 467 2593 δ’ἐγὼ
480 2514 491 2606 ll
503 2517 596 2597 τείχη
620 2516 756 2597 παρειμι.
804 2518 948 2601 Cyclops
969 2520 1031 2582 106
1048 2521 1125 2602 (vid.
1142 2540 1241 2603 supra
1257 2543 1289 2603 p.
1307 2521 1350 2603 6.)

171 2633 299 2718 πιίρειμι
328 2637 392 2702 hoc
422 2640 523 2703 modo
554 2649 747 2723 usurpatum
778 2642 943 2723 propriam
974 2642 1040 2704 vim
1071 2661 1164 2704 suam
1187 2642 1351 2724 paulisper

171 2760 319 2823 amisisse
357 2761 494 2824 videtur.
542 2761 876 2825 Circumlocutionem
915 2763 1052 2825 actionis
1089 2764 1261 2845 participio
1296 2783 1351 2826 ex·

171 2898 305 2960 pressae
333 2881 443 2954 efficit,
469 2890 504 2944 ut
528 2882 687 2944 indicetur
711 2903 887 2964 personam
904 2902 988 2964 quae
1004 2885 1083 2965 agit,
1101 2883 1199 2945 etiam
1216 2883 1345 2946 adesse.

170 3001 228 3066 Sic
243 3005 333 3085 apud
348 3002 550 3086 Sophoclem
567 3026 628 3068 nec
644 3026 711 3068 non
727 3006 816 3087 apud
832 3014 979 3067 nostrum
994 3001 1077 3084 ἔχειν
1089 3025 1163 3067 cum
1175 3007 1347 3088 participio

170 3124 356 3200 adhibetur,
381 3135 416 3189 ut
438 3128 605 3209 propriam
622 3136 771 3191 naturam
787 3127 1023 3208 aliquantisper
1038 3135 1147 3200 exuat,
1168 3126 1290 3189 Medea
1306 3142 1347 3206 33

170 3245 334 3326 daturique
350 3246 428 3330 ἔχει.
474 3250 651 3314 Actionem
666 3258 857 3332 permanere
873 3271 933 3332 per
948 3250 1012 3312 hoc
1025 3257 1142 3329 σχῆμα
1154 3249 1346 3313 ostenditur.

217 3448 436 3529 παρίστασθαι.

217 3620 274 3683 Ad
297 3621 434 3684 verbum
459 3625 598 3699 παρεῖναι
621 3622 771 3703 proxime
786 3620 914 3682 accedit
929 3617 1133 3699 παρίστασθαι
1149 3619 1240 3681 cuius
1255 3618 1346 3681 verbi

167 3742 260 3822 apud
283 3741 476 3823 Euripidem
500 3741 640 3804 sormam
664 3741 806 3804 activam
830 3761 897 3804 non
920 3741 1039 3802 inveni.

215 3879 247 3926 a.
293 3862 493 3925 Localis
525 3883 647 3925 usus.

221 4000 247 4046 1.
267 3983 521 4047 Absolute
559 3984 629 4046 sine
673 4003 752 4046 casu
794 3981 1001 4064 παρίστασθαι
1044 3984 1184 4046 occurrit
1218 3983 1348 4047 Rhesus

171 4121 234 4187 793
260 4126 332 4189 sqq.
357 4103 410 4168 καί
434 4106 469 4183 μ’
496 4101 595 4186 ἔγχος
617 4102 799 4184 αὐγάζοντα
814 4103 867 4168 καί
884 4101 1066 4192 θηρώμεισιίί
1079 4102 1163 4168 παίει
1181 4102 1347 4184 παραστὰς

168 4218 266 4307 αείραιι
297 4226 328 4299 ἐς
359 4225 494 4307 πλευραιι
525 4224 711 4314 ξίφειίΙιίνίρρ
742 4223 892 4305 σίαμθζιιιι
916 4263 960 4274 -
981 4237 1014 4290 et
1033 4226 1190 4309 gladium
1214 4226 1347 4289 circum·
