3038 4808
698 328 822 393 XVIII.

214 514 391 597 Perperam
437 513 634 577 Aristoteles
675 511 832 596 (Πολιτεία
879 515 928 599 15)
977 515 1104 594 dolum,
1147 536 1215 599 quo
1258 515 1352 579 cives

169 635 393 700 Athenienses
424 636 583 699 exarmati
614 636 688 709 sint,
720 636 886 700 Pisistrato
919 636 1069 701 attribuit
1097 656 1197 721 quam
1226 638 1354 702 rectius

168 754 384 838 Thucydides
406 753 474 836 (Vl.
500 754 553 836 58)
577 752 720 835 Hippiae
743 754 924 836 adscripsit.

711 962 801 1026 XIX.

216 1120 337 1184 Iniuria
359 1119 400 1182 E.
425 1116 546 1182 Sellers
569 1118 652 1201 (Ἡιο
677 1118 769 1182 elder
785 1118 907 1202 Pliny’s
924 1116 1076 1202 chapters
1091 1138 1135 1183 on
1148 1116 1207 1182 the
1221 1116 1355 1202 history

170 1243 210 1308 os
227 1252 287 1317 art,
312 1262 343 1324 p.
369 1241 424 1324 99)
448 1239 490 1304 ad
512 1240 650 1303 Plinium
675 1240 750 1303 Nat.
776 1240 861 1305 Hist.
886 1238 1027 1304 XXXV.
1053 1252 1095 1321 54
1117 1239 1205 1322 (cum
1228 1248 1264 1303 et
1278 1238 1354 1304 Phi·

170 1366 260 1428 diam
284 1364 393 1445 ipsum
416 1363 507 1424 initio
529 1363 688 1443 pictorem
704 1360 802 1424 luisse
819 1362 965 1425 tradatur
980 1360 1188 1445 clipeumque
1205 1358 1354 1425 Athenis

170 1486 213 1550 ab
243 1506 284 1549 eo
317 1484 465 1567 pictum.)
496 1483 648 1548 adnotat:
681 1484 714 1549 It
740 1495 859 1550 cannot
887 1486 931 1566 of
948 1505 1059 1549 course
1080 1484 1119 1549 be
1139 1482 1216 1549 that
1236 1485 1280 1567 of
1295 1484 1355 1550 tlte

170 1606 304 1671 Athena
327 1603 519 1670 Parthenos.

724 1783 799 1847 XX.

215 1939 390 2002 Detortam
431 1936 620 2018 opinionem
661 1938 703 2000 de
740 1937 852 2000 Marco
887 1936 1025 2000 Aurelio
1063 1936 1125 2000 sibi
1161 1936 1357 2002 informavit
1493 1943 1509 2038 ¹2

172 2069 217 2131 M.
253 2068 477 2143 Maeterlinck,
512 2069 562 2130 La
592 2088 726 2151 sagesse
754 2077 788 2131 et
818 2067 850 2131 la
880 2066 1039 2143 destinde,
1070 2088 1104 2152 p.
1131 2082 1211 2131 101:
1236 2068 1354 2132 Marc·

170 2190 291 2254 Amne
306 2212 387 2254 nens
402 2190 455 2254 eelt
464 2191 517 2254 dit
521 2186 697 2272 peut-tere:
714 2188 803 2264 „S’il
814 2210 855 2253 ne
869 2188 1052 2271 m’estplns
1061 2188 1191 2272 permis
1204 2188 1356 2255 d'ae'mer
1492 2228 1516 2276 ,-

171 2333 252 2377 cenn
272 2333 334 2393 que
345 2311 506 2395 j’ae‘mais
520 2311 717 2394 par-densus
740 2320 816 2386 tout,
840 2310 920 2375 c'est
938 2331 1018 2375 sans
1040 2311 1135 2376 doute
1140 2321 1233 2393 pour
1244 2312 1353 2395 m’ap·

164 2435 311 2518 prendre
333 2434 355 2497 ὰ
377 2434 484 2497 almer
505 2454 585 2498 ceux
607 2454 668 2515 que
680 2433 722 2515 je
745 2432 904 2498 n’aimais
917 2443 987 2515 pas
1007 2453 1126 2497 encore.
1161 2485 1166 2492 .
