3038 4808
172 331 212 394 14
518 313 703 394 παραμένειν
725 350 770 363 -
794 311 1005 393 παραυλίζειν.

168 502 292 564 miscue
323 501 454 583 scripsit
484 496 578 579 αίρειν
609 509 642 563 et
672 499 819 579 οίπαίρειν
851 496 1028 579 προίπεζαν;
1053 501 1086 563 in
1108 501 1221 566 titulo:
1246 501 1298 566 διὰ
1320 502 1357 567 πί

167 628 231 693 τοῖς
267 618 368 685 πιίλαι
403 620 560 698 Ῥωμαίοις
594 617 656 692 ἔθος
690 614 723 693 ἦν
758 621 803 698 μὴ
839 617 997 700 προίπεζαν
1029 619 1184 702 αίροριίνιρν
1216 626 1353 705 περιοροῖν

167 744 264 818 κενήν,
288 742 400 826 paullo
424 743 522 808 infra:
548 743 600 806 οὐκ
623 740 671 806 εία
693 743 780 817 κενὴν
804 742 945 823 οίπαίρειν
970 744 1025 817 eliu
1048 740 1230 828 προίπεζαν).

212 867 306 930 Alter
341 865 433 928 locus
467 866 523 928 ubi
559 886 636 927 cum
672 865 785 928 dativo
821 866 1029 946 coniungitur
1063 866 1200 929 verbum
1236 876 1287 930 est
1317 868 1352 931 in

119 1011 121 1016 ’
169 986 287 1051 Oreste
318 1009 366 1050 vs.
404 1003 487 1065 1249
518 1007 566 1067 sq.
595 983 662 1049 πίνα
688 984 775 1065 θροεῖς
797 983 905 1060 αὐδὰν,
930 983 1059 1062 πίπνια;
1085 985 1354 1075 παραμένειίίνοὶρ

168 1107 213 1173 ἔπι
244 1132 288 1173 σοι
318 1107 385 1172 τίδ’
413 1107 442 1169 ἐν
467 1106 631 1170 Δαναϊδῶν
655 1103 744 1170 πόλει
768 1145 809 1153 -
835 1129 934 1189 quam
958 1128 1064 1170 vocem
1088 1109 1193 1189 effers,
1218 1131 1237 1172 o
1259 1131 1351 1173 vene-

166 1228 313 1295 rabilis?
335 1230 394 1293 hoc
415 1231 500 1293 enim
524 1251 638 1293 nomen
661 1230 724 1292 tibi
744 1229 905 1293 adhaeret
925 1229 1035 1293 adhuc
1056 1229 1091 1292 in
1112 1230 1353 1294 Danaedorum

169 1352 255 1415 urbe.
281 1349 450 1432 παραμένει
474 1373 517 1414 σοι
541 1349 570 1412 ἑν
595 1348 683 1413 πόλει
707 1351 850 1413 breviter
873 1351 997 1414 dictum
1013 1360 1065 1413 est
1080 1370 1160 1432 pro:
1178 1351 1352 1431 παραμένει

169 1495 212 1536 σοι
246 1471 299 1534 καὶ
334 1478 397 1542 τοῖς
434 1471 577 1543 πολίταις
612 1507 652 1517 -
689 1493 804 1535 nomen
835 1470 947 1536 πότνιαι
978 1473 1041 1536 tibi
1069 1472 1230 1537 adhaeret
1258 1485 1292 1537 et
1319 1485 1352 1538 te

168 1594 293 1658 ποπνίαν
317 1595 483 1676 appellare
506 1593 630 1657 civibus
652 1592 789 1655 insitum
812 1602 869 1655 est.

213 1716 347 1801 Optime
382 1737 515 1779 sensum
549 1715 644 1778 huius
678 1714 770 1777 verbi
800 1715 924 1777 indicat
955 1713 1143 1797 Stephanus
1178 1716 1197 1778 i.
1231 1737 1263 1778 v.
1296 1737 1354 1780 res

167 1841 266 1904 etiam
301 1841 437 1921 aliquae
465 1839 618 1902 dabuntur
647 1835 831 1917 παραμένειν
861 1838 901 1912 ei,
935 1839 1028 1920 apud
1048 1860 1143 1919 quem
1166 1850 1354 1904 constanter

160 1973 360 2043 permanent
380 1973 413 2026 et
432 1962 524 2024 cuius
539 1961 644 2025 veluti
655 1959 744 2024 latus
758 1981 927 2042 nunquam
944 1961 1133 2036 destituunt,
1149 1962 1211 2024 sed
1222 1972 1354 2043 semper

167 2085 365 2147 comitantur
384 2093 417 2146 et
438 2082 568 2145 adsunt.

214 2274 422 2359 παραυλίζειν.

213 2447 365 2510 Verbum
384 2443 581 2525 παραυλίζειν
597 2447 702 2509 activa
718 2445 824 2508 sorma
839 2455 966 2509 tantum
982 2447 1121 2509 occurrit
1137 2447 1197 2509 lon
1213 2465 1278 2527 492
1296 2469 1348 2530 sq.

169 2563 190 2632 ὦ
221 2568 322 2640 Πανὸς
353 2566 524 2644 θακήματα
547 2563 868 2654 καὶίίπαραυλίζουσα
893 2566 992 2647 πίπρα
1015 2565 1178 2647 μυχώδεσι
1202 2547 1369 2648 Μακραῖς.

168 2727 212 2737 -
241 2690 268 2754 O
291 2690 395 2753 Panis
417 2690 509 2752 sedes
532 2700 668 2772 etpetra
684 2690 792 2753 ve'cina
808 2692 979 2752 cavernosi
991 2690 1129 2752 Macros.
1154 2690 1348 2754 Derivatum

169 2822 219 2875 est
234 2813 371 2873 verbum
387 2811 430 2873 ab
447 2811 608 2874 adiectivo
626 2808 783 2890 ποίραυλος
798 2820 833 2873 ut
850 2806 1011 2890 ὑστερίζειν
1025 2806 1175 2894 (ὕστερος),
1189 2808 1350 2890 σπανίζειν

169 2931 326 3016 (σποίνιος).
362 2931 512 3012 Simplex
543 2934 631 2995 enim
663 2934 794 3014 passive
825 2940 955 2994 tantum
987 2932 1170 2995 adhibetur.
1218 2933 1348 2996 Eodem

168 3057 268 3120 modo
293 3051 457 3133 ἐνανλίζειν
481 3053 594 3136 (Soph.
619 3054 753 3117 Philoct.
781 3056 833 3136 33)
857 3053 899 3116 ab
923 3055 1087 3117 adiectivo
1104 3051 1229 3126 ἔναυλος
1245 3057 1347 3119 dedu·

168 3178 311 3240 cendum
336 3185 403 3254 est3
428 3176 517 3258 apud
542 3175 624 3238 alios
647 3177 734 3237 enirn
758 3175 867 3236 media
883 3175 990 3238 forma
1007 3177 1157 3239 occurrit.
1183 3177 1349 3240 Notabilis

168 3319 245 3362 usus
277 3307 326 3361 est
349 3299 509 3381 participii
534 3293 767 3376 παραυλίζουσα
792 3305 904 3359 nostro
928 3297 1011 3372 loco,
1037 3318 1137 3378 quum
1161 3299 1239 3360 alibi
1264 3296 1347 3361 αὐλί·

168 3418 271 3499 ζεσίαι
303 3421 369 3482 fere
397 3440 527 3502 semper
551 3422 592 3482 de
616 3420 764 3500 personis
788 3420 915 3482 dicitur.
962 3419 1091 3482 Eodem
1115 3421 1216 3483 modo
1239 3421 1346 3483 adiec-

167 3544 273 3604 tivum
315 3539 472 3621 ποίραυλος
509 3543 552 3603 de
591 3541 734 3603 clamore
772 3541 894 3603 dictum
933 3549 983 3604 est
1017 3541 1105 3622 apud
1141 3539 1363 3622 Sophoclem·

168 3663 267 3746 (Aiax
292 3663 367 3744 893)
390 3660 471 3733 πίνος
495 3661 552 3738 tlon
579 3661 738 3742 ποίρανλος
761 3658 854 3737 ἐξέβα
879 3660 992 3732 νοίπονς
1015 3700 1059 3708 -
1081 3662 1172 3726 cuius
1186 3684 1253 3726 vox
1267 3663 1348 3726 leaec

160 3787 316 3867 proxime
338 3807 355 3847 e
379 3807 507 3848 nemore
529 3783 623 3848 enit?
646 3785 795 3848 Adnotat
819 3785 1038 3849 Scholiastes:
1063 3783 1160 3861 ἐγγὺς
1185 3784 1270 3864 παρα
1287 3786 1345 3858 τὴν

168 3907 274 3980 αὐλήν,
298 3906 314 3981 ἢ
340 3907 490 3985 ίρνννσικίρ
516 3907 601 3987 παρα
625 3907 697 3979 ποὺς
723 3904 843 3977 αὐλούς.
876 3906 1064 3971 Secundam
1087 3906 1344 3990 explicationem

167 4029 363 4095 scholiastae
387 4029 520 4091 minime
545 4029 609 4091 huc
634 4030 795 4111 quadrare
818 4029 925 4108 quivis
949 4029 1050 4093 videt.

213 4152 386 4234 Euripides
410 4151 549 4212 verbum
574 4147 771 4229 παρανλίζειν
795 4149 953 4212 formasse
972 4151 1109 4225 videtur,
1127 4152 1218 4214 cuius
1234 4152 1345 4214 media

167 4274 272 4336 forma
295 4282 411 4354 postea
435 4272 523 4353 apud
547 4271 756 4334 Athenaeum
780 4271 918 4353 legimus
942 4271 1010 4353 (IV.
1040 4274 1101 4351 189
1125 4271 1176 4356 E.)
