3038 4808
207 330 249 396 72
693 319 895 394 παρακαλεῖν.

203 499 399 584 particulum
422 497 479 577 olel,
504 502 547 564 de
571 520 636 583 qua
659 502 871 564 Hermannus
894 501 978 565 haec
1002 503 1160 567 adnotat:
1184 514 1332 586 necputa
1348 505 1391 569 id

206 621 303 684 alaied
329 643 398 685 esse
424 642 525 705 quam
547 622 808 686 addelamentum
830 622 966 698 metrici,
992 644 1055 704 quo
1076 645 1207 688 versum
1228 626 1387 707 expleret,

205 766 306 829 quum
330 744 503 807 excidisset
522 745 620 805 τοῦτο.
668 741 748 805 Mihi
763 751 874 806 tamen
892 744 1021 808 videtur
1036 745 1228 809 adverbium
1244 745 1296 809 alal
1310 747 1343 810 h.
1361 747 1383 809 l.

207 886 363 950 magnam
392 865 458 927 vim
489 865 613 927 addere
644 865 826 928 sententiae
849 885 957 947 neque
982 875 1051 929 tam
1075 875 1207 951 tempus
1229 879 1387 952 spectare

206 1008 304 1070 quam
332 989 365 1049 in
397 987 583 1049 universum
614 986 807 1049 vertendum
837 1007 899 1069 per
927 988 1115 1064 identidem,
1140 1010 1251 1072 usque.
1298 991 1384 1056 Her·

205 1110 375 1172 werdenus
398 1081 590 1189 (Appendix
612 1107 655 1169 ad
679 1104 841 1169 Helenam
866 1128 899 1190 p.
924 1108 977 1190 86)
1001 1110 1096 1173 dicit:
1116 1109 1307 1192 Suspectum
1323 1111 1386 1187 olel,

205 1231 287 1314 quia
309 1229 483 1293 Menelaus
505 1228 647 1310 Spartae
669 1227 826 1292 habitans
847 1239 881 1293 et
900 1229 1019 1294 Peleus
1048 1229 1256 1296 Thessaliam
1278 1234 1383 1298 rares-

205 1353 288 1415 se'me
308 1351 491 1414 convenisse
509 1350 677 1432 cogitandi
688 1361 774 1413 sunt.
821 1351 914 1414 Haec
930 1360 1042 1414 autem
1061 1353 1197 1436 cogitari
1212 1373 1298 1437 opus
1314 1376 1385 1419 non

206 1482 274 1550 est;
298 1493 365 1536 non
389 1474 581 1536 convenisse
604 1491 680 1536 cum
702 1471 865 1548 Menelao,
889 1474 949 1535 sed
972 1493 1048 1536 eum
1072 1473 1236 1538 adhortari
1251 1484 1383 1541 tantum

204 1596 304 1659 Pelea
334 1596 413 1659 dicit
439 1603 547 1678 poeta.
595 1593 774 1656 Adhortari
798 1614 875 1657 vero
902 1595 1000 1658 etiam
1024 1614 1083 1676 per
1106 1597 1238 1660 nuntios
1261 1599 1384 1679 potuit,

204 1729 240 1782 ut
277 1739 389 1782 secum
420 1715 690 1780 Andromacham
720 1715 911 1799 expelleret.
963 1716 1150 1780 Menelaum
1181 1738 1242 1782 nec
1273 1719 1375 1783 alium

204 1859 405 1921 quemquam
440 1837 644 1902 arcessivisse
674 1836 772 1901 Pelea
804 1838 848 1901 ob
882 1838 967 1901 hanc
996 1858 1129 1902 causam
1159 1838 1237 1903 fecit
1266 1850 1382 1923 poeta,

204 1962 293 2044 quod
317 1961 370 2024 ille
392 1969 524 2042 praeter
547 1967 674 2022 ceteros
696 1957 849 2023 Troianis
865 1959 1003 2023 infestus
1020 1969 1117 2023 esset.
1163 1959 1219 2022 Ad
1236 1983 1385 2042 παρακα-

204 2089 265 2145 λεῖν
296 2104 315 2145 e
345 2082 556 2164 praecedenti
587 2101 683 2143 versu
712 2079 807 2144 facile
839 2081 993 2164 supplere
1022 2100 1200 2164 possumus
1231 2081 1382 2158 laederes,

202 2205 243 2266 cf.
267 2203 459 2267 scholiastes
474 2203 558 2279 κιῖμὲ
575 2209 767 2282 παρακαλεῖν
782 2201 846 2266 aial:
864 2199 942 2266 liare
958 2200 1127 2280 ἐκπέμπειν
1142 2201 1195 2266 καὶ
1210 2201 1384 2280 ἐκβάλλειν

201 2324 297 2396 αὐτὴν
320 2331 441 2398 πανπῆς
463 2331 520 2398 πῆς
542 2331 609 2400 γῆς.
657 2323 768 2404 Quam
792 2326 836 2388 ob
856 2346 927 2387 rem
946 2345 1012 2388 non
1028 2344 1111 2407 opus
1128 2333 1179 2388 est
1193 2325 1382 2390 Hermanni

202 2448 391 2509 coniectura
414 2449 512 2509 τοῦτο.

245 2567 352 2649 lphig.
378 2568 456 2632 Aul.
479 2585 546 2647 409
569 2561 601 2631 εὖ
624 2565 697 2647 δρῶν
719 2565 893 2647 παρακάλει
911 2568 958 2645 μ’,
974 2568 1062 2633 ἀλλὰ
1077 2569 1122 2644 μὴ
1138 2573 1243 2633 λνπιῖν
1260 2569 1318 2646 ἐμὲ
1334 2608 1382 2621 --

200 2690 277 2752 bene
294 2689 428 2769 sace'ens
454 2711 547 2753 mane
569 2712 629 2763 me,
654 2712 716 2754 nan
743 2712 818 2754 vera
840 2690 949 2754 dolare
972 2691 1114 2773 afficiens
1133 2712 1195 2754 me.
1241 2693 1384 2776 Eprae·

200 2813 321 2892 gressis
355 2811 465 2886 ιῖλρεῖν
499 2817 562 2881 παῖς
596 2809 699 2891 Φίλοις
733 2813 776 2875 ad
808 2817 1001 2891 παρακαλεῖν
1030 2811 1159 2876 trahere
1190 2834 1381 2896 possumus.

244 2932 320 2996 Uno
344 2932 418 2994 loco
442 2934 532 3014 apud
553 2932 743 3014 Euripidem
767 2933 904 2996 verbum
929 2938 1122 3012 παρακαλεῖν
1138 2933 1183 2996 ita
1200 2934 1380 2998 adhibetur

200 3063 235 3117 ut
270 3055 378 3134 primo
412 3053 528 3116 saltem
560 3053 678 3116 obtutu
708 3055 893 3135 separativa
923 3055 973 3117 vis
1003 3053 1238 3136 praepositioni
1270 3058 1382 3121 inesse

200 3175 358 3251 videatur,
383 3176 524 3238 Hecuba
546 3177 607 3256 587
625 3196 673 3257 sq.
691 3181 871 3255 παρακαλεῖ
881 3177 917 3252 μ’
935 3176 1040 3239 ἐκεῖθεν
1057 3170 1096 3240 αὖ
1106 3173 1117 3264 ll
1129 3173 1214 3251 λύπη
1229 3201 1278 3251 πις
1293 3176 1382 3254 ἄλλη

200 3293 347 3376 διάδοχος
379 3301 479 3359 κακῶν
513 3302 618 3367 κακοῖς
646 3333 689 3344 -
721 3298 861 3360 advocat
891 3318 967 3360 vero
999 3299 1077 3361 inde
1106 3319 1221 3362 rursus
1251 3321 1380 3365 enaerar

200 3418 324 3500 aliquis
346 3420 443 3491 alias,
463 3419 624 3499 excipzens
639 3419 730 3482 mala
745 3419 846 3482 malls
863 3420 997 3483 additas.
1043 3420 1251 3485 Aduerbium
1267 3422 1381 3487 ἐκεῖθεν

199 3541 226 3601 si
257 3548 345 3604 arcte
375 3541 555 3623 coniungas
587 3560 662 3603 cum
693 3541 805 3614 verbo,
838 3542 904 3603 iam
934 3541 967 3603 in
998 3551 1154 3625 promptu
1188 3551 1238 3605 est
1268 3542 1381 3607 ἐκεῖθεν

203 3668 383 3738 παρακαλεῖ
410 3671 555 3725 vertere:
587 3661 663 3725 inde
693 3672 818 3726 avocat.
867 3663 937 3726 Nec
967 3672 1079 3727 tamen
1110 3672 1209 3740 recte,
1236 3674 1273 3729 ut
1295 3666 1376 3730 mihi

199 3779 335 3843 videtur.
383 3783 477 3845 Licet
510 3784 598 3846 enim
633 3804 693 3865 per
725 3804 762 3846 se
796 3785 932 3866 quidem
965 3774 1149 3866 composito
1183 3794 1379 3865 παρακαλεῖν

198 3902 284 3964 hanc
323 3905 490 3965 notionem
526 3906 687 3967 avocandi
722 3906 829 3968 inesse
865 3906 1006 3968 rationes
1042 3908 1274 3988 grammaticae
1308 3929 1377 3972 non

200 4032 323 4098 vetent,
348 4043 425 4085 usus
448 4025 579 4087 minime
602 4026 677 4089 huic
700 4028 961 4110 interpretationi
985 4027 1085 4103 favet,
1105 4029 1376 4111 quandoquidem

200 4166 307 4226 neque
339 4164 477 4226 usquam
506 4157 607 4226 poeta
641 4157 751 4210 noster
782 4150 827 4211 ita
858 4149 961 4211 verbo
996 4154 1188 4227 παρακαλεῖν
1211 4172 1289 4214 usus
1313 4161 1376 4228 est,

199 4288 305 4350 neque
342 4276 498 4350 quantum
534 4270 602 4331 scio
639 4269 720 4332 alius
755 4273 827 4352 quis
862 4273 1001 4355 scriptor
1031 4272 1186 4338 Graecus.
1232 4273 1379 4338 Accedit
