3038 4808
206 317 248 381 30
547 295 817 378 παραλείπειν-
841 295 1036 376 παραφέρειν.

206 484 313 551 πάντα
338 482 532 565 παραλιπών,
556 482 649 548 πόσον
672 480 920 572 χρόνονΗπάντοιι
945 481 992 545 ’πὶ
1015 480 1117 552 νάτοις
1138 475 1222 546 άλιον
1246 480 1378 563 ε’φάείροιι

207 604 339 685 πλάνον;
365 645 405 653 -
430 627 531 670 unum
567 616 675 669 autem
710 606 763 669 die
791 605 922 668 omisse's
952 604 1064 668 ceteris
1094 605 1243 669 amnibus
1273 605 1379 682 rebus,

206 731 365 814 quamdiu
397 729 503 792 maris
532 729 626 791 dorsa
649 726 813 790 erroribus
835 725 1039 810 defatigatus
1061 723 1123 790 es?
1167 724 1222 790 Sic
1245 747 1380 809 quoque

206 861 355 916 extremo
378 850 470 913 loco:
494 848 616 912 Troad.
636 865 678 928 43
696 868 745 929 sq.
762 846 925 930 (παρθένον)
941 847 976 911 το
995 850 1047 910 τοῦ
1065 847 1126 911 θεοῦ
1142 871 1178 912 τε
1194 849 1380 928 παραλιπὼν

207 970 245 1038 τά
267 974 297 1037 τ’
321 968 582 1059 εὐσεβὲςφῖγαμεῑ
600 967 706 1047 βιαίας
729 966 846 1032 σκότιον
869 966 1077 1046 Ἀγαμέμνων
1094 967 1189 1049 λέχος
1206 1005 1250 1018 -
1267 970 1383 1054 (virgi-

207 1098 293 1178 nem)
318 1115 373 1158 uee
394 1094 490 1156 deum
515 1112 570 1154 uec
583 1090 741 1172 pietatem
764 1089 934 1167 reveritus,
957 1092 1183 1174 Agamemnon
1206 1090 1305 1155 duxit
1319 1103 1384 1173 per

208 1217 276 1281 vim
300 1214 483 1280 adulterina
507 1212 681 1277 concubitu.

467 1454 490 1540 5
513 1454 545 1521 3.
590 1451 708 1519 Verba
729 1452 866 1520 motum
889 1451 1122 1536 designantia.

256 1651 452 1734 παραφέρειν.

257 1824 436 1907 Singularis
467 1831 517 1886 est
547 1842 625 1884 usus
653 1821 744 1883 verbi
777 1816 964 1900 παραφέρειν
995 1819 1124 1883 Helena
1152 1836 1215 1902 722
1240 1841 1311 1903 sqq.
1336 1823 1384 1884 νῦν

211 1947 396 2023 ἀνανεοῦμαι
426 1943 477 2008 τὸν
508 1942 558 2007 τὸν
581 1942 719 2020 ὑμέναιον
744 1938 923 2029 πάλινΗκα)
948 1937 1127 2018 λαμπάδων
1150 1940 1323 2018 μεμνήμεθ’
1346 1931 1386 2012 ita

212 2061 515 2154 τετραάροιςῙῐῖπποις
538 2060 698 2146 τροχάζων
722 2061 891 2143 παρέφερον
914 2098 958 2110 -
981 2084 1066 2126 nuuc
1086 2063 1245 2126 memoria
1266 2083 1386 2127 renova

211 2191 329 2254 iterum
360 2199 436 2251 tuas
465 2189 598 2269 nuptias
627 2196 659 2250 et
687 2185 824 2248 memini
844 2186 942 2264 faces
971 2206 1056 2268 quas
1084 2205 1216 2248 currens
1229 2185 1386 2265 ferebam

213 2311 308 2374 iuxta
331 2308 546 2391 quadriiugos
567 2327 674 2388 equas.
719 2302 882 2385 τροχάζειν
913 2327 980 2369 non
1011 2305 1213 2387 iungendum
1237 2314 1288 2368 est
1310 2327 1387 2369 cum

214 2429 335 2507 ἵπποις,
361 2451 428 2493 non
451 2450 546 2492 curru
568 2428 696 2493 vehitur
718 2429 771 2493 hic
794 2449 916 2501 servus,
944 2449 1009 2491 non
1034 2426 1174 2508 πάροχος
1197 2429 1265 2491 sive
1287 2449 1387 2508 παρα-

214 2551 347 2634 νάμφιος
377 2561 436 2614 est.
484 2548 689 2631 πάροχος-
712 2572 867 2626 assessor,
894 2551 950 2633 qui
974 2552 1008 2614 in
1031 2550 1177 2633 plaustro
1201 2550 1296 2614 sedet
1320 2570 1386 2631 quo

213 2675 384 2737 deducitur
415 2693 545 2755 sponsa,
577 2681 715 2756 agnatus
746 2673 801 2736 vel
829 2673 954 2736 amicus
980 2693 1051 2735 esse
1082 2671 1176 2735 solet.
1225 2670 1280 2734 Sic
1303 2671 1387 2734 Eros

212 2793 301 2868 Ζανὸς
325 2791 463 2874 πάροχος
486 2795 603 2857 dicitur
625 2795 668 2857 ab
691 2792 914 2877 Aristophane
940 2793 1042 2877 (Aves
1063 2797 1168 2876 1740).
1217 2792 1387 2875 παρέφερον

214 2911 381 2986 ἵπποις-
407 2916 503 2979 iuxta
533 2937 631 2999 equas
651 2917 804 2998 ferebam
828 2917 946 2980 dicitur
977 2925 1013 2979 ut
1044 2916 1115 3000 lph.
1146 2914 1223 2979 Aul.
1254 2929 1318 2996 227
1346 2908 1389 2987 οἷς

214 3035 348 3120 (πώλοις)
388 3034 608 3116 παρεπάλλετο
647 3037 802 3112 Πηλεΐδας
836 3036 890 3101 σὺν
925 3033 1043 3102 άπλοισι
1076 3039 1149 3118 παρ’
1182 3034 1307 3113 άντυγα
1336 3036 1389 3101 καὶ

215 3156 364 3238 σύριγγας
393 3157 576 3238 ἁρματείους
598 3197 642 3206 -
656 3171 761 3243 prope
790 3182 871 3242 quas
900 3161 1054 3225 currebat
1081 3161 1211 3225 Pelides
1237 3169 1389 3223 armatus

214 3284 309 3348 iuxta
332 3294 479 3346 ratarum
502 3283 609 3345 arbem
632 3293 665 3346 et
685 3283 840 3346 modiolos
861 3283 996 3349 curules
1043 3283 1157 3346 Verba
1175 3281 1246 3360 παρΙ
1263 3276 1388 3355 άντνγα

215 3404 268 3468 καὶ
299 3401 448 3483 σύριγγας
479 3405 659 3467 accuratius
690 3426 790 3487 quam
822 3399 862 3475 οἷς
892 3405 1000 3467 locum
1033 3405 1178 3467 indicant
1209 3403 1265 3466 ubi
1292 3402 1391 3465 currit

217 3522 380 3599 Achilles;
413 3523 484 3605 ipsa
513 3530 613 3606 poeta
643 3543 678 3586 se
702 3524 863 3600 correxit;
898 3543 964 3586 non
996 3543 1126 3606 semper
1155 3523 1246 3585 iuxta
1274 3542 1389 3605 equos,

217 3644 377 3707 interdum
402 3663 535 3724 quoque
558 3644 649 3706 iuxta
671 3665 800 3707 currum
823 3643 969 3708 Pelidem
993 3664 1067 3707 esse
1089 3645 1168 3709 vult.

263 3764 414 3828 Ceterum
439 3761 623 3844 παραφέρειν
646 3786 686 3829 eo
703 3786 809 3838 sensu,
828 3786 894 3847 quo
911 3765 1094 3829 adhibitum
1111 3773 1162 3828 est
1178 3765 1309 3829 Helena
1325 3781 1388 3848 723

218 3887 307 3968 apud
331 3884 411 3947 alios
434 3886 608 3967 scriptores
624 3886 692 3949 iere
709 3906 875 3968 nunquam
893 3887 1021 3968 legitur.
1068 3886 1196 3950 Diversi
1213 3888 1301 3950 enirn
1315 3897 1392 3952 sunt

218 4007 291 4081 loci,
327 4004 431 4087 qualis
461 4006 605 4070 Platonis
634 4007 734 4090 Resp.
767 4008 842 4071 VII.
874 4029 906 4091 p.
934 4022 993 4089 515
1029 4009 1062 4072 A
1094 4005 1178 4089 παρά
1209 4007 1244 4072 τὸ
1276 4008 1393 4090 τειχίον

219 4125 368 4209 φέροντας
398 4124 567 4206 άνθράπους
598 4126 687 4202 σκεύη
712 4165 751 4175 -
776 4129 922 4192 homiues
937 4140 1075 4211 praeter
1097 4150 1231 4193 murum
1246 4141 1395 4212 praeter-

219 4252 357 4313 fereutes
375 4249 537 4313 utensilia.
584 4248 850 4313 Praeterierimus
866 4251 989 4332 aliquid
1006 4260 1135 4334 praeter
1152 4250 1295 4333 aliquam
1310 4273 1392 4328 rem,
