3038 4808
651 292 809 375 παρέχειν.
1232 308 1271 376 17

137 484 316 568 ,praebebo
346 482 468 547 lucem’'
493 482 553 545 sed
576 480 677 544 etiam
699 481 817 555 „iuxta
840 489 875 544 te·
883 482 1003 562 feram
1019 479 1153 561 facem’'
1177 490 1316 562 apparet

137 627 184 670 ex
205 625 400 689 praegresso
422 603 525 668 verbo
549 600 732 683 ιἰνασχύσει.

186 834 215 881 2.
261 815 521 881 Translatus
553 833 666 879 usus.

182 989 212 1038 a.
236 970 408 1035 Paullatim
425 989 469 1032 ex
485 968 620 1031 notione
645 968 737 1030 iuxta
751 967 883 1030 tenendi
899 967 1042 1030 nascitur
1057 985 1175 1029 sensus
1198 986 1315 1048 prae-

137 1094 281 1170 bendi,
305 1094 383 1174 quia
405 1088 503 1167 ἒμχὺς
528 1092 581 1152 τοῦ
596 1085 815 1165 λαμβάνοντος
830 1084 898 1169 ἔχει
913 1087 947 1151 τδ
964 1085 1116 1164 διδόμενον
1132 1088 1187 1169 qui
1203 1089 1313 1163 donat,

141 1224 178 1279 ut
208 1216 347 1278 adnotat
378 1211 575 1276 Eustathius·
600 1210 644 1273 ad
679 1209 859 1273 Homerum
884 1209 987 1292 (iliad.
1010 1209 1067 1274 IV.
1093 1209 1178 1292 229).
1224 1209 1315 1272 Prae-

140 1337 270 1400 mittam
294 1334 416 1409 locum,
440 1334 496 1396 ubi
518 1331 677 1396 absolute
700 1331 769 1394 sine
791 1331 902 1394 dativo
916 1330 979 1394 hac
995 1331 1129 1394 notione
1145 1340 1317 1412 usurpatur

138 1452 305 1534 παρέχειντ
342 1452 482 1516 Hecuba
517 1467 581 1534 549
622 1449 743 1533 παρέξω
774 1451 834 1532 χύιρ
865 1450 947 1531 δέρην
981 1450 1138 1532 εὐκαρδίως
1163 1488 1208 1501 -
1228 1453 1319 1534 forti

138 1575 252 1640 animo
285 1574 373 1638 enim
403 1572 577 1657 porrigam
597 1575 723 1638 collum.
748 1572 916 1658 Significat
939 1570 1072 1652 παρέξω,
1096 1581 1132 1636 ut
1153 1593 1197 1636 ex
1220 1594 1315 1637 versu

146 1697 206 1776 565
245 1692 374 1775 πύρεσπι
406 1694 520 1772 λαιμὸς
549 1694 696 1775 εύτρεπδς
722 1690 776 1759 ύδε
809 1702 955 1779 apparet,
979 1687 1036 1768 ἕξοι
1059 1689 1137 1757 ύστε
1167 1700 1315 1774 παρεῖναι.

141 1817 271 1881 Eadem
305 1816 406 1880 verba
444 1817 487 1880 ad
525 1815 664 1880 litteram
697 1816 849 1900 leguntur
883 1815 953 1897 Iph.
985 1814 1061 1878 Aul.
1097 1815 1198 1896 1560;
1229 1826 1316 1881 recte

139 1949 253 2005 autem
287 1937 373 2002 hanc
416 1937 563 2001 ultimam
605 1958 737 2002 scenam
775 1937 923 2021 plerique
961 1937 1104 2000 editores
1136 1937 1315 2001 Porsonum

140 2061 247 2125 secuti
272 2058 475 2124 deleverunt.

187 2304 221 2371 b.
267 2302 372 2368 Cum
403 2303 570 2366 dativo
601 2301 748 2384 παρέχειν
770 2303 978 2386 coniungitur
1002 2303 1142 2367 Hecuba
1169 2304 1231 2381 842
1255 2324 1314 2385 sq.‚

142 2425 200 2488 ubi
214 2425 352 2507 pristina
365 2423 415 2488 vis
430 2425 679 2506 praepositionis
695 2423 802 2487 adhuc
813 2424 953 2508 perspici
965 2433 1092 2506 potest:
1110 2424 1204 2500 πιύοῦ,
1219 2423 1317 2506 παρού-

141 2569 223 2626 σχες
257 2550 350 2626 χεῖρα
387 2552 426 2625 τῇ
462 2541 812 2633 πρεσβύτιδιΗτιμιορύν,
846 2545 871 2608 εἰ
904 2544 958 2609 καὶ
993 2544 1087 2623 μνδέν
1118 2545 1208 2624 ε’σπιν,
1239 2547 1314 2610 ἀλλ’

144 2662 225 2744 ύμιος
249 2704 290 2714 -
313 2667 406 2741 audi,
424 2666 561 2749 porrige
581 2687 717 2730 manum
741 2667 885 2730 ultricem
905 2668 996 2743 anui,
1012 2668 1075 2731 etsi
1087 2668 1244 2742 nihilest,
1259 2670 1321 2732 sed

141 2798 252 2852 tamen
268 2787 415 2871 porrige.
467 2784 633 2868 παρούσχες
656 2793 748 2869 χεῖρα
771 2795 810 2869 τῇ
834 2785 1014 2869 πρεσβύτιδι
1029 2786 1157 2869 πιμιορύν
1172 2799 1223 2853 est
1239 2789 1317 2870 σχὲς

141 2914 236 2990 χεῖρα
268 2904 316 2972 ἵνα
347 2915 430 2989 παρῇ
459 2915 498 2988 τῇ
522 2904 702 2988 πρεσβύτιδι
725 2907 864 2990 τιμωρός.
910 2910 1049 2975 Dativus
1073 2919 1112 2992 τῇ
1136 2907 1316 2992 πρεσβύτιδι

141 3047 220 3090 cum
236 3035 374 3108 utraque
391 3046 475 3090 voce
492 3027 740 3109 coniungendus
754 3037 814 3090 est.
854 3028 957 3091 Recte
974 3029 1111 3093 adnotat
1125 3032 1315 3096 scholiastes

141 3150 186 3213 ad
216 3149 318 3214 verba
349 3148 384 3211 εἶ’
404 3145 458 3211 καὶ
484 3147 579 3226 μηδὲν
601 3147 682 3211 ε’στιν
704 3110 846 3222 haectil
870 3145 1045 3214 irrratiovrri
1069 3174 1111 3224 σε,
1135 3152 1172 3223 ὥς
1194 3151 1316 3234 αἰχμιύ·

141 3282 241 3342 λιστος
263 3268 317 3333 καὶ
343 3267 444 3343 δούλη.

187 3531 216 3581 c.
261 3513 434 3577 Paullatim
470 3511 618 3593 παρέχειν
647 3513 813 3596 propriam
842 3514 909 3577 vim
941 3514 1057 3590 amisit,
1083 3516 1187 3579 itaut
1210 3519 1316 3602 magis

143 3634 361 3718 respiceretur
391 3632 463 3696 linis
494 3633 643 3697 actionis.
688 3634 784 3698 Tunc
815 3635 992 3718 significat:
1024 3636 1066 3698 in
1102 3648 1315 3721 promptu,

50 3824 53 3829 ,
139 3765 318 3840 praesto
349 3756 514 3820 habere
545 3754 721 3837 aliquid,
754 3765 789 3820 et
819 3759 989 3821 transitum
1012 3757 1090 3822 facit
1112 3758 1154 3822 ad
1178 3759 1316 3823 verbum

143 3875 356 3958 παραδιδόναι.
372 3878 494 3941 Exstat
508 3877 600 3940 locus
617 3879 754 3941 Homeri
770 3878 879 3941 iliadis
891 3878 1023 3962 (XVIII.
1039 3880 1112 3963 556)
1124 3881 1180 3961 qui
1192 3882 1316 3964 optime

139 4001 238 4065 nobis
261 4000 394 4076 indicat,
422 4000 589 4081 quomodo
613 4001 705 4063 notio
728 4000 860 4064 tenendi
884 3999 1001 4063 abierit
1023 4001 1056 4062 ln
1079 4021 1210 4065 sensum
1225 4022 1315 4084 prae-

140 4121 261 4187 bendi:
295 4120 408 4193 παῖδες
442 4118 668 4202 δραγμεύοντες
698 4121 727 4184 ἕν
752 4119 959 4198 ἀγκαλίδεσσι
985 4118 1317 4209 ΦὲρονπεςΗοὶσπερχὲς

141 4240 292 4324 πύρεχον.
338 4242 413 4307 Νοιι
446 4244 511 4306 iam
533 4252 648 4306 tenent
671 4243 763 4325 pueri
785 4242 969 4326 manipulos
992 4246 1051 4307 sed
1074 4243 1216 4316 tradunt,
1241 4244 1316 4305 mit-

1200 4375 1216 4412 2
