3038 4808
719 312 777 378 XI.

204 501 314 568 Schol.
346 502 390 568 ad
419 501 553 567 Terent.
585 501 732 586 Adelph.
768 518 832 583 423
858 499 927 565 Sed
950 501 997 564 sic
1020 497 1136 563 maluit
1160 498 1280 574 dicere,
1302 507 1338 564 ut

159 620 352 688 illudentem
375 621 418 686 de
440 641 501 687 sna
515 629 586 685 arte
615 620 800 686 fecisset
830 620 951 705 Syrum
967 628 1001 685 et
1015 620 1078 684 hac
1094 640 1129 684 re
1146 621 1337 686 ostenderet

160 744 239 808 nihil
262 744 305 808 ab
328 743 384 809 illo
407 743 472 808 dici
494 743 589 808 seri0.
634 743 748 828 Lege:
773 743 952 808 Iaceret.

709 985 782 1050 XII.

203 1175 292 1239 Pers.
315 1172 383 1238 Sat.
408 1173 452 1237 V.
478 1190 495 1254 3
520 1172 632 1237 sabula
649 1193 707 1236 seu
723 1182 852 1237 moesto
869 1181 1009 1256 ponatur
1024 1172 1145 1236 hianda
1160 1171 1335 1256 tragoedo.

160 1294 350 1358 Reiicienda
373 1303 424 1358 est
446 1293 624 1377 explicatio
648 1315 679 1358 ν.
704 1315 732 1358 c.
757 1295 941 1377 Nemethy:
959 1305 1131 1377 ponatur:
1151 1294 1336 1377 apponitur,

159 1416 262 1500 quasi
280 1415 369 1480 cz'bus
390 1415 545 1492 convivit,
571 1415 766 1498 austischen.

706 1653 794 1718 XIII.

205 1834 325 1900 Catulli
350 1855 481 1900 carmen
504 1836 614 1900 XLIX
636 1837 758 1901 ironice
781 1837 1008 1921 accipiendum
1033 1857 1106 1902 esse
1129 1856 1259 1900 censeo.

706 2064 796 2127 XIV.

209 2226 389 2309 Quomodo
421 2249 517 2313 reges
546 2230 687 2294 Romani
707 2233 812 2320 creati
836 2232 910 2307 sint,
934 2230 1050 2295 melius
1073 2232 1231 2295 traditum
1247 2237 1339 2295 extat

161 2351 252 2432 apud
275 2349 484 2434 Dionysium,
509 2371 608 2434 quam
631 2352 720 2435 apud
743 2351 873 2416 Livium
897 2359 930 2416 et
954 2351 1160 2417 Ciceronem.

707 2589 781 2655 XV.

205 2758 408 2824 Faciendum
431 2767 482 2824 est
503 2780 579 2824 cum
603 2762 674 2825 viro
698 2761 738 2825 cl.
763 2761 802 2824 E.
827 2760 945 2843 Meyer
965 2761 1085 2825 dicenti
1110 2758 1257 2844 (Forsch.
1282 2777 1339 2821 zur

161 2878 250 2943 alten
289 2879 408 2944 Gesch.
434 2881 473 2945 II.
498 2902 531 2964 p.
557 2883 650 2966 29al:
688 2883 738 2947 Es
774 2881 820 2948 ist
854 2881 937 2947 ohne
972 2883 1120 2946 weiteres
1156 2879 1340 2964 zuzugeben

161 2999 242 3064 dass
279 2999 491 3084 Thukydides
522 3002 592 3067 sich
626 3003 668 3067 V.
694 3019 746 3084 39,
780 3021 811 3086 3.
833 3003 888 3085 46,
918 3020 937 3066 2
969 3003 1060 3071 nz'clzt
1082 3023 1195 3088 genau
1226 3022 1340 3086 ausge-

160 3121 278 3186 drz'ickt
296 3121 366 3187 hat.

704 3347 796 3413 XVI.

207 3525 245 3588 ln
276 3526 514 3591 narrationibus
545 3526 731 3611 interempti
766 3529 948 3613 Hipparchi
980 3529 1095 3612 (Thuc.
1118 3528 1179 3594 VI.
1207 3529 1339 3609 54—60

162 3645 264 3710 Arist.
295 3645 440 3711 Πολιτεία
477 3665 527 3732 17,
562 3649 612 3732 18)
644 3651 748 3714 maior
773 3650 856 3716 fides
879 3651 1053 3716 tribuenda
1076 3658 1127 3716 est
1148 3649 1338 3734 Thucydidi

163 3788 262 3851 quarn
285 3767 467 3834 Aristoteli.

697 3974 806 4039 XVII.

208 4134 370 4202 Herodot.
402 4137 444 4203 V.
478 4137 520 4220 56
549 4137 637 4214 τλῆθι
670 4138 767 4204 λέων
797 4135 924 4214 ἄτλητα
948 4140 1050 4207 παθὼν
1072 4135 1220 4213 τετληότι
1244 4138 1337 4220 inuri·

162 4258 375 4341 Legendum:
398 4255 484 4332 λεῶς.
