3038 4808
216 330 261 411 46
444 325 676 409 παραλύειν-
701 325 852 409 παρύνειν
877 363 918 378 ·-
943 327 1166 410 παραιτεῖσίαι.

216 517 291 581 loco
313 517 360 580 sic
384 523 567 598 usurpatur,
590 513 716 578 Alcest.
746 528 806 595 117
829 535 901 598 sqq.
924 514 999 578 ἀλλ’
1025 514 1091 579 otti
1114 514 1390 608 ναυκληρίανίίέσύ

216 633 283 703 inor
297 659 345 709 τις
359 633 431 707 αίας
440 633 453 725 Η
464 635 589 706 στείλας
604 636 621 711 ἢ
634 633 752 700 Λυκίαν
762 632 774 724 ΙΙ
785 633 844 700 είτ’
856 636 907 700 ἐπὶ
919 635 979 711 τίις
990 635 1132 718 ύνύδρυυς
1142 633 1154 724 ll
1164 633 1394 714 Ἀμμανιύδας

216 753 304 839 ἕδρας
314 755 325 846 l(
335 756 482 822 δυστύνσν
499 754 679 838 παραλύσας
689 753 701 845 Η
711 754 824 839 ψυχιίν
835 794 880 807 -
890 779 1007 822 verum
1023 779 1127 842 neque
1137 780 1256 822 navem
1268 769 1320 822 est
1328 781 1393 843 quo

214 891 382 946 terrarum
406 880 531 963 aliquis
553 880 684 944 mittens
705 880 763 943 vel
773 880 809 943 in
824 880 961 962 Lyciam
975 881 1033 945 vel
1042 881 1092 945 ad
1102 881 1205 945 siccas
1218 881 1396 945 Ammonis

214 1001 307 1066 sedes
334 1000 435 1065 huius
464 1002 606 1065 miserae
635 1001 776 1065 liberare
796 1003 906 1083 possit
930 1003 1090 1067 animam.
1136 1000 1394 1066 Subaudiendus

216 1132 267 1188 est
296 1126 339 1187 ad
370 1119 550 1202 παραλύσας
580 1123 745 1206 genitivus
775 1127 836 1186 τῶν
866 1127 968 1188 κακῶν
998 1123 1052 1187 vel
1081 1123 1148 1187 tale
1178 1123 1267 1205 quid.
1316 1123 1394 1188 Hoc

215 1246 408 1310 scholiastes
431 1265 564 1328 quoque
587 1244 751 1328 intellegit
773 1245 953 1309 adnotans:
970 1252 1028 1320 τῆς
1046 1243 1192 1319 δυστήνου
1208 1245 1265 1319 τὴν
1280 1245 1395 1326 ψυχὴν

216 1365 318 1431 σύσειε
350 1363 403 1429 καὶ
438 1363 567 1429 παύσειε
600 1370 660 1430 τῶν
693 1370 805 1429 κακῶν.
851 1365 953 1447 Quod
984 1367 1102 1430 attinet
1131 1365 1174 1429 ad
1205 1367 1393 1449 optativum

217 1485 404 1568 παραλύσαι,
430 1508 529 1552 causa
552 1487 632 1550 mihi
655 1486 771 1551 adesse
794 1503 861 1550 non
883 1488 1015 1550 videtur
1036 1507 1095 1550 cur
1116 1507 1191 1550 curn
1203 1485 1394 1552 Wecklinio

216 1619 380 1675 mutemus
403 1609 580 1673 lectionem
603 1608 753 1671 codicum
776 1608 811 1671 in
834 1606 1017 1687 παραλύσει.
1064 1607 1240 1692 optativus
1263 1609 1335 1672 sine
1353 1605 1393 1674 aiv

214 1734 351 1818 perinde
377 1731 551 1794 adhibetur
581 1729 746 1795 Prometh.
777 1746 837 1810 291
873 1730 924 1794 σύκ
948 1726 1107 1810 irrisisti
1131 1725 1260 1808 μείζονα
1283 1735 1395 1812 μοῖραν

214 1853 351 1933 νείμαιμ’
377 1850 394 1926 ἤ
416 1874 468 1916 σοι.
516 1851 637 1935 Agam.
654 1850 721 1914 620
736 1850 786 1914 σύκ
803 1847 862 1916 ἔσί
879 1847 960 1923 ύπυς
975 1849 1103 1928 λέξαιμι
1118 1850 1162 1916 τίς
1177 1849 1277 1930 ψευδῆ
1292 1849 1391 1917 καλαί.

215 1975 371 2040 Concedo
406 1972 545 2037 multum
581 1975 740 2037 interesse
775 1973 859 2036 inter
891 1974 1069 2038 dictionem
1101 1971 1328 2055 Aeschyleam
1359 1983 1395 2038 et

214 2099 439 2181 Euripideam.
495 2096 533 2158 In
571 2095 673 2160 choro
711 2103 823 2159 tamen
860 2095 960 2159 talem
999 2096 1163 2160 licentiam
1198 2095 1394 2179 Euripidem

214 2240 347 2303 quoque
371 2219 432 2282 sibi
457 2217 587 2281 dedisse
609 2225 702 2299 puto.

259 2410 418 2494 παράγειν.

257 2582 406 2646 Verbum
431 2577 581 2661 παριίγειν
603 2582 708 2660 semel
732 2582 820 2665 apud
844 2589 991 2644 nostrum
1014 2581 1187 2645 adhibetur
1201 2583 1393 2664 praeditum

213 2706 346 2767 notione
376 2703 633 2779 abducendi,
665 2703 830 2766 Heraclid.
860 2703 924 2784 673
950 2700 1003 2765 καί
1028 2700 1065 2776 δὴ
1091 2710 1246 2782 παρῆκται
1263 2701 1393 2783 σφύγια

212 2822 329 2900 τύξεαν
353 2821 425 2895 ἕκύς
440 2862 484 2871 -
500 2825 568 2888 iam
592 2825 744 2889 victimae
755 2825 875 2906 procul
887 2825 929 2888 ab
945 2824 1116 2889 ordinibus
1129 2836 1208 2888 sunt
1220 2825 1392 2891 abductae.

214 2948 289 3011 Hoc
318 2948 467 3021 verbum,
500 2956 536 3010 ut
566 2949 655 3030 apud
686 2948 777 3023 alios,
808 2948 940 3030 saepius
970 2946 1127 3010 translate
1149 2946 1268 3031 legitur
1290 2969 1392 3014 sensu

213 3069 408 3152 decipiendi,
433 3071 475 3133 de
499 3090 565 3152 quo
589 3068 672 3133 inira
695 3071 842 3133 dicemus
865 3070 904 3152 (c.
930 3068 1012 3153 Ν).

258 3262 481 3344 παραιτεῖσθαι.

256 3451 288 3499 υ.
334 3434 483 3498 Verbum
509 3433 726 3514 παραιτεῖσθαι
748 3433 802 3496 hic
824 3453 918 3497 suum
944 3432 1053 3497 locum
1076 3433 1200 3497 habere
1219 3433 1273 3498 vel
1289 3454 1392 3500 exeo

211 3555 418 3639 intellegitur,
454 3559 544 3639 quod
575 3577 665 3620 cum
701 3556 896 3640 genitivo
931 3575 1145 3637 personae
1179 3558 1391 3621 construitur.

256 3677 413 3760 Legimus
442 3679 530 3741 enim
556 3678 676 3742 Medea
706 3690 783 3757 1151
812 3697 883 3760 sqq.
908 3676 940 3740 σύ
963 3675 1007 3754 μὶρ
1033 3675 1185 3753 δυσμενὴς
1208 3673 1261 3757 ἔσρ
1284 3675 1392 3758 Φίλοις

215 3794 264 3885 Η..
280 3845 308 3860 ..
331 3795 405 3878 δὲξρ
429 3797 462 3863 δὲ
485 3798 565 3881 δῶρα
589 3798 642 3864 καί
666 3798 843 3881 παραιτιίσρ
868 3795 1125 3887 πατρύςίίφυρύς
1146 3798 1273 3877 ιίΦεῒναι
1297 3798 1392 3864 παισί

212 3917 308 3983 τοῖσδ’
333 3918 410 3998 ἐμὴν
433 3918 540 4002 χύριν;
559 3959 599 3969 -
616 3944 656 3985 ne
678 3921 814 3986 zizimica
836 3920 885 3983 sis
899 3920 1022 3993 amicir,
1040 3919 1144 4001 accipe
1158 3940 1234 3983 vero
1248 3939 1393 3987 munera

212 4052 245 4106 et
271 4063 353 4126 roga
374 4053 506 4123 patrem
529 4053 566 4106 ut
587 4044 724 4108 exilium
746 4043 895 4108 remittat
915 4042 1027 4105 liberis
1048 4040 1103 4104 his
1125 4042 1160 4105 in
1182 4061 1290 4105 meam
1308 4063 1392 4126 gra·

212 4163 304 4228 tiam.
353 4164 476 4227 Notatu
507 4165 642 4247 dignum
674 4174 724 4229 est
755 4165 892 4229 verbum
921 4162 1134 4244 παραιτεῖσθαι
1157 4171 1320 4244 quatenus
1343 4184 1392 4228 ex

212 4284 382 4368 Stephano
406 4295 553 4370 apparet,
578 4286 642 4350 hoc
666 4309 733 4351 uno
757 4287 832 4351 loco
857 4306 933 4349 cum
956 4285 1103 4369 genitivo
1120 4304 1283 4370 personae
1300 4305 1391 4368 quae
