3038 4808
169 344 211 407 68
684 337 829 418 παριέναι.

167 531 287 612 aliique
317 530 510 612 interpretes
549 524 738 606 παριέμεσθα
761 524 929 608 explicant
950 524 1071 588 collato
1094 524 1167 588 loco
1189 524 1347 603 Platonis,

169 652 316 735 Apolog.
348 651 373 714 1.
410 666 459 731 17.
485 649 511 715 C
536 651 624 713 τοῦτο
657 647 742 725 ὑμῶν
765 646 873 724 δέομαι
895 644 948 710 καὶ
972 644 1130 726 παρίεμαι,
1154 648 1210 711 ubi
1233 655 1347 712 tamen

167 775 314 856 sequitur
351 771 463 854 paullo
501 770 583 833 infra
624 769 708 848 μήτε
746 765 912 848 θανμιθζειν
946 767 1029 845 μήτε
1064 766 1204 848 θορυβεῖν.
1260 769 1347 832 Puto

170 893 329 975 παρθεσθαι
351 895 399 958 sic
423 901 614 976 usurpatum
638 893 729 955 idem
752 891 862 955 valere
881 900 983 974 atque
997 891 1153 954 Latinum
1169 890 1348 972 deprecari,

169 1040 210 1082 nc
224 1018 389 1100 quidfiat.
424 1015 503 1078 Plat.
521 1014 662 1098 Republ.
679 1015 704 1077 Ι.
727 1036 761 1098 p.
780 1014 843 1094 348
858 1014 884 1076 B
900 1012 1019 1077 eodem
1036 1013 1137 1076 modo
1153 1012 1348 1077 adhibetur:

170 1139 243 1219 πρὸς
273 1141 377 1202 ταῦτα
407 1134 567 1216 κακούργει
598 1134 650 1200 καὶ
687 1131 882 1215 errandum,
913 1131 942 1197 ci
968 1157 998 1197 πι
1027 1131 1164 1198 δύνασαι·
1188 1132 1272 1198 οὐδέν
1295 1158 1348 1199 σου

171 1259 320 1341 παρίεμαι
342 1262 362 1322 i.
375 1281 405 1323 e.
428 1260 564 1323 minime
585 1280 607 1323 a
630 1269 661 1322 te
683 1259 843 1340 deprecor,
866 1278 907 1320 ne
928 1278 979 1320 me
1001 1276 1109 1319 vexes.
1133 1253 1215 1319 οὐδὲν
1240 1277 1349 1338 παραι-

169 1384 291 1459 τοῦμαι.
325 1379 408 1444 οὐδὲν
431 1378 647 1460 θπιπρὲπιμαι
673 1380 811 1442 adnotat
833 1376 1035 1459 Phrynichus
1057 1376 1109 1460 (cs.
1134 1375 1348 1461 Stephanus).

169 1503 305 1586 Optima
327 1511 376 1566 est
399 1511 478 1565 nota
503 1500 642 1564 Bekkeri
665 1499 808 1564 adhunc
824 1499 933 1563 locum
948 1499 1112 1563 Platonis:
1127 1498 1248 1563 scilicet
1262 1494 1350 1576 ἵεμαι

168 1637 218 1691 est
245 1635 357 1709 peto,
389 1625 518 1707 cupio
557 1634 589 1687 et
619 1644 691 1687 cum
707 1622 949 1704 praepositione
972 1619 1057 1701 παρθ
1080 1621 1176 1706 (quae
1198 1632 1237 1686 ut
1256 1622 1350 1686 Lati·

168 1769 283 1813 norum
314 1748 373 1820 de,
398 1746 622 1810 discessionem
638 1743 812 1828 sr’gm'ficat,
826 1754 864 1807 ut
876 1743 911 1807 in
928 1743 1136 1828 παραχωρεῖν)
1146 1742 1350 1807 coniunctum

169 1868 342 1933 avertendi
369 1867 505 1949 aliquid
528 1866 675 1930 studium
708 1865 858 1942 denotar;
886 1864 963 1928 hinc
990 1875 1041 1929 est
1066 1865 1264 1929 Latinorum
1287 1865 1351 1930 de·

169 1988 350 2070 precari.

212 2111 313 2191 Apud
345 2108 556 2192 Sophoclem,
589 2108 675 2173 Oed.
711 2107 827 2173 Colon.
863 2105 946 2170 1666
977 2127 1026 2189 sq.
1051 2104 1202 2186 παρεθμνν
1226 2108 1350 2171 eadem

169 2233 296 2295 ratione
328 2229 560 2313 explicandum
592 2240 657 2295 est:
691 2230 715 2294 εἶ
744 2227 777 2293 δὲ
800 2229 844 2306 μὴ
869 2227 943 2293 δοκῶ
967 2231 1080 2309 Φρινῶν
1102 2225 1289 2317 λέγεινΗαῦκ
1311 2227 1351 2293 tv

172 2351 321 2431 παρείμιρν
353 2346 407 2415 οἶσι
437 2351 482 2428 μὴ
516 2350 592 2415 δοκῶ
625 2354 740 2432 φρονεῖν
762 2388 807 2398 -
829 2351 910 2414 haec
932 2351 966 2414 si
985 2351 1104 2414 videar
1124 2351 1237 2414 minus
1259 2372 1349 2416 sana

168 2484 272 2537 mente
301 2472 414 2548 dehere,
446 2493 508 2536 non
541 2472 740 2554 deprecabor
768 2473 810 2537 ab
833 2472 885 2547 iis,
917 2471 1034 2555 quibus
1062 2471 1176 2537 viltor
1196 2473 1350 2538 insanire

169 2599 224 2678 (sc.
248 2618 289 2659 ne
310 2596 445 2659 stultum
469 2617 521 2658 mc
553 2595 719 2677 habeant).

215 2719 335 2781 Nostro
366 2716 440 2780 loco
473 2717 653 2799 Euripideo
685 2726 806 2794 tamen,
831 2718 950 2781 Medea
974 2719 1048 2797 892,
1071 2720 1129 2781 vix
1153 2715 1349 2798 παριέμεσθα

167 2839 225 2904 tali
241 2841 341 2903 modo
357 2838 511 2922 supplere
526 2859 712 2921 possumus.
759 2839 877 2921 Neque
893 2859 1035 2921 persona
1050 2860 1159 2922 neque
1174 2860 1228 2903 res
1244 2860 1348 2922 quarn

168 2961 363 3044 deprecatur
386 2961 515 3034 Medea,
540 2960 714 3035 indicatur,
738 2980 822 3043 quae
845 2969 958 3024 tamen
977 2960 1132 3024 alterutra
1146 2960 1348 3042 praeceden-

168 3082 257 3145 tibus
290 3082 370 3145 locis
404 3101 535 3163 semper
569 3082 769 3164 designatur.
815 3081 954 3145 Accedit
983 3083 1073 3163 quod
1104 3080 1215 3165 paullo
1245 3103 1348 3166 supra

168 3204 227 3285 (vs.
266 3203 340 3285 869)
374 3223 441 3265 non
474 3204 644 3285 deprecari
679 3203 801 3285 aliquid
832 3203 952 3267 Medea
982 3205 1108 3276 dicitur,
1140 3205 1200 3268 sed
1231 3225 1346 3270 orare:

169 3323 317 3402 αἰτοῦμαί
342 3347 375 3387 σε
399 3327 458 3387 πῶν
481 3322 637 3402 εἰρημένων
662 3321 854 3401 σνγγνῶμιθ
878 3316 962 3388 εἶναι.
1009 3325 1117 3406 Quam
1141 3326 1185 3389 ob
1210 3347 1347 3392 causam

169 3448 259 3510 notio
294 3446 493 3529 deprecandi
527 3445 610 3509 infra
642 3442 711 3510 'non
745 3447 893 3527 quadrat.
940 3444 1141 3511 Scholiastes
1171 3458 1347 3531 utramque

169 3568 442 3649 significationem
459 3567 649 3630 conturbat:
670 3565 843 3644 παυόμεθα,
861 3566 1150 3647 παραπεμπόμεθα,
1166 3563 1222 3632 οἷον
1236 3592 1347 3650 παραι-

168 3691 291 3766 τοῦμαι,
315 3693 476 3769 συγχωρῶ.

215 3927 247 3992 d.
295 3931 424 3994 Deinde
449 3930 583 4011 παριέναι
607 3933 792 4016 significare
811 3944 923 4015 potest
944 3934 1209 4016 permittere,
1240 3956 1346 4000 com·

169 4051 354 4124 mittere,
385 4055 638 4130 concedere,
668 4057 854 4129 tradere,
887 4077 963 4119 cum
979 4077 1045 4121 non
1061 4057 1347 4141 solumcogitatur

169 4173 211 4235 de
241 4191 384 4253 persona
415 4194 500 4255 quae
530 4175 652 4257 aliquid
683 4199 703 4240 a
730 4199 766 4241 se
790 4178 896 4252 mittit,
921 4178 980 4242 sed
1003 4179 1102 4242 etiam
1124 4178 1167 4241 de
1189 4199 1344 4261 persona,

169 4293 212 4355 ad
235 4315 334 4375 quam
358 4293 482 4376 aliquid
505 4296 649 4362 mittitur.
