3038 4808
558 1137 1009 1212 CONSPECTUS.

247 1527 439 1609 Priusquam
460 1527 560 1590 libelli
584 1528 648 1590 mei
670 1527 770 1604 finem
792 1526 922 1600 faciam,
949 1545 1016 1589 non
1040 1525 1100 1588 abs
1124 1546 1159 1588 re
1183 1526 1244 1589 erit
1266 1548 1381 1609 pauca

203 1650 299 1713 adiici
330 1652 372 1713 de
403 1651 441 1712 iis
464 1650 582 1724 verbis,
606 1651 725 1731 quibus
747 1649 920 1731 Euripides
950 1669 970 1711 a
993 1647 1092 1712 solito
1115 1668 1176 1710 usu
1200 1648 1383 1732 discrepat

248 1893 394 1956 Verbum
426 1897 565 1971 παρεῖναι
593 1901 643 1955 ter
673 1914 750 1955 cum
773 1891 845 1955 solo
868 1891 1055 1954 accusativo
1079 1890 1142 1954 loci
1166 1891 1382 1974 coniungitur

202 2016 292 2097 quod
315 2015 403 2097 apud
426 2015 507 2077 alios
530 2016 704 2097 scriptores
727 2034 794 2076 non
816 2014 1013 2076 invenimus.
1038 2014 1081 2095 (p.
1108 2013 1216 2094 5—7.)

246 2136 395 2198 Verbum
419 2135 569 2215 παρῆσθαι
593 2157 636 2198 ex
654 2135 799 2198 Homero
814 2135 970 2197 traditum
990 2132 1092 2196 semel
1109 2134 1197 2215 apud
1214 2141 1381 2210 nostrum,

203 2259 293 2341 apud
322 2257 414 2330 alios,
445 2267 605 2338 quantum
628 2258 756 2330 scimus,
781 2277 942 2337 nusquam
965 2257 1114 2330 occurrit,
1139 2257 1383 2320 recentioribus

205 2380 364 2461 exceptis.
388 2380 432 2461 (p.
461 2381 522 2462 12.)

250 2492 363 2557 Verba
394 2493 592 2575 παραναίζειν
615 2505 648 2559 et
673 2493 877 2576 παρασπίζειν
900 2495 1091 2578 Euripidem
1115 2496 1273 2561 formasse
1298 2500 1383 2562 veri·

204 2616 310 2678 simile
335 2625 395 2679 est.
420 2618 462 2699 (p.
491 2618 641 2700 14—16.)

250 2740 466 2802 Locutionem
492 2739 639 2820 παρέχειν
656 2738 739 2812 δίκην
755 2737 872 2823 (δίκας),
890 2759 990 2822 quam
1005 2739 1084 2802 alibi
1099 2760 1166 2802 non
1181 2741 1380 2818 invenimus,

203 2872 321 2944 quater
353 2862 494 2946 legimus
529 2864 648 2925 eodem
684 2884 780 2925 sensu
817 2883 883 2945 quo
918 2863 1006 2944 apud
1037 2862 1169 2925 Atticos
1201 2864 1381 2946 scriptores

204 2981 317 3046 διδόναι
340 2982 430 3056 δίκην.
456 2985 499 3066 (p.
528 3001 576 3062 19,
601 2985 666 3065 20.)
938 2966 941 2974 Ι

248 3105 309 3168 Pro
332 3106 426 3168 nimis
450 3106 585 3188 vulgata
604 3113 764 3168 structura
781 3101 964 3184 πράγματα
984 3100 1131 3185 παρέχειν
1147 3113 1248 3188 poeta
1263 3114 1379 3169 noster

203 3227 304 3290 habet
328 3226 435 3298 πόνους
458 3226 614 3307 παρέχειν.
639 3229 682 3309 (p.
708 3228 772 3308 23.)

248 3347 475 3431 Compositum
521 3346 716 3427 παρατιθέναι
755 3370 797 3411 ex
837 3349 987 3412 Homero
1026 3349 1233 3411 notissimum
1271 3347 1381 3411 semel

202 3479 328 3533 tantum
353 3471 441 3553 apud
465 3480 623 3546 nostrum,
647 3491 747 3552 saepe
771 3472 860 3552 apud
883 3471 964 3534 alios
987 3472 1138 3534 occurrit.
1163 3471 1207 3553 (p.
1232 3484 1285 3550 25,
1311 3471 1380 3554 26.)

247 3593 393 3655 Verbum
419 3588 665 3671 παρεντρεπίζειν
689 3601 764 3655 ante
788 3592 982 3675 Euripidem
1007 3613 1169 3674 nusquam
1183 3586 1380 3656 ‘adhibitum

204 3732 275 3774 esse
298 3714 434 3775 videtur.
460 3714 502 3795 (p.
528 3716 579 3786 28,
606 3715 670 3795 29.)

249 3833 398 3896 Verbum
427 3833 613 3914 παραφέρειν
637 3835 821 3916 praeditum
846 3836 984 3897 notione
1008 3836 1099 3896 iuxta
1123 3834 1247 3897 ferendi
1270 3835 1381 3898 semel

203 3954 291 4036 apud
333 3963 491 4028 nostrum,
535 3977 696 4037 nusquam
738 3964 898 4038 quatenus
940 3957 1089 4019 novimus
1124 3957 1214 4039 apud
1248 3965 1379 4021 ceteros

202 4076 377 4157 scriptores
400 4074 527 4156 legitur.
551 4078 594 4158 (p.
621 4095 672 4156 30,
699 4079 763 4160 31.)

248 4195 474 4280 Compositum
502 4196 763 4275 παραπαιιλεσθαι
788 4209 898 4262 noster
920 4199 1008 4264 solus
1032 4200 1160 4264 videtur
1176 4200 1380 4267 adhibuisse.

202 4319 245 4401 (p.
271 4320 335 4401 ιν)
