3038 4808
557 1168 777 1244 CAPUT
814 1169 933 1245 Vlll.

365 1370 568 1452 Praepositio
592 1366 679 1449 παρνό
702 1369 826 1433 reddat
846 1370 1001 1434 actzbnem
1024 1370 1120 1434 verbo

543 1503 733 1574 expressam
755 1492 842 1556 male
854 1493 946 1575 fleri.

200 1857 310 1920 Primo
326 1857 433 1939 capite
451 1857 592 1919 vidimus
609 1854 695 1937 παρα
710 1857 819 1919 verbis
835 1864 963 1919 motum
978 1856 1010 1918 in
1026 1856 1100 1920 loco
1117 1865 1173 1919 aut
1186 1857 1341 1938 quietem·

155 1981 406 2062 designantibus
437 1980 625 2043 adiunctum
656 1981 798 2042 indicare
829 2000 928 2063 posse
958 1980 1122 2042 actionem
1153 1979 1255 2043 verbo
1280 2000 1336 2042 ex·

154 2122 305 2186 pressam
340 2104 432 2165 iuxta
454 2101 532 2165 fieri.
579 2101 631 2164 Ex
659 2102 721 2165 hac
743 2104 877 2165 notione
893 2101 1070 2184 paullatim
1094 2101 1157 2164 alia
1179 2103 1335 2177 manavit,

155 2244 277 2306 nempe
311 2224 431 2286 iuxta
466 2243 584 2285 suum
618 2224 766 2300 locum,
803 2223 888 2303 παρόν
922 2222 957 2286 τό
992 2219 1087 2285 καλόν
1120 2224 1139 2285 i.
1158 2244 1187 2286 e.
1223 2225 1335 2293 κακῶς.

154 2345 343 2427 Sequantur
366 2346 466 2407 verba
489 2345 522 2407 in
545 2345 665 2426 quibus
689 2343 774 2424 παρα
796 2344 881 2408 hanc
903 2346 972 2407 vim
995 2344 1105 2409 habet.

201 2520 426 2602 παρακόπτειν.

200 2689 373 2773 Significat
387 2693 525 2755 verbum
542 2689 751 2773 παρακόπτειν
768 2703 802 2756 ut
819 2692 1006 2773 παραπαίειν
1022 2713 1100 2756 non
1125 2714 1169 2756 su
1180 2714 1200 2755 0
1224 2693 1330 2766 1000,

153 2834 382 2896 perperam
414 2815 600 2896 pulsare.

203 2953 231 2998 1.
278 2935 442 2999 Absolute
472 2947 644 3020 usurpatur
670 2939 713 3001 de
737 2959 778 3002 eo
801 2941 855 3021 qui
878 2940 1042 3002 incassum
1066 2937 1155 3014 serit;
1180 2937 1268 2998 unde
1293 2936 1325 2996 in

152 3059 343 3120 universum
372 3056 461 3120 valet
490 3056 689 3132 delirare,
722 3079 751 3121 e.
768 3079 800 3140 g.
831 3060 913 3123 Plut.
938 3060 1052 3124 Moral.
1077 3081 1109 3142 p.
1138 3073 1220 3137 1123
1246 3057 1273 3117 F
1297 3056 1328 3119 οὐ

153 3175 420 3258 παρακόπτοντες,
444 3177 532 3243 nimir
555 3178 701 3260 νήφοντες
722 3180 776 3244 καὶ
800 3180 991 3257 ὑγιαίνοντες.

198 3407 229 3451 2.
278 3386 337 3450 Sin
366 3399 476 3452 autem
505 3392 674 3454 transitive
701 3392 873 3456 adhibetur
895 3394 1032 3456 verbum
1057 3387 1271 3470 παρακόπτειν
1296 3399 1331 3451 ut

153 3512 337 3575 indicemus
372 3510 513 3593 aliquem
548 3513 597 3576 de
633 3514 850 3577 industria
883 3535 1107 3597 perperam
1142 3513 1329 3594 pulsare,

152 3633 266 3696 variae
290 3633 438 3695 oriuntur
460 3635 622 3697 notiones.
668 3632 763 3697 Tunc
785 3636 965 3718 significat:

198 3857 229 3904 u.
254 3838 315 3901 Ita
343 3838 520 3921 pulsare
544 3839 729 3923 aliquem
753 3851 796 3905 ut
819 3843 989 3906 delirat.
1015 3842 1325 3926 Hippolyt237sq.

153 3955 236 4033 όττις
275 3983 309 4023 τε
340 3960 408 4024 θεῶν
437 3958 712 4050 όνασειριόζειΗκαὶ
745 3961 940 4043 παρακόπτει
976 3962 1101 4046 φρένας,
1136 3959 1157 4029 ὦ
1194 3971 1257 4029 παῖ
1286 4001 1329 4012 -

152 4082 309 4164 quisnam
332 4083 466 4147 deorum
488 4093 519 4146 te
532 4085 634 4165 freno
655 4095 802 4147 recurvet
813 4096 1013 4168 mentemque
1021 4089 1190 4169 pervertit,
1208 4108 1225 4148 ν
1232 4085 1323 4168 filia.

152 4200 305 4283 Simplex
338 4201 464 4267 κόπτειν
497 4207 563 4268 iam
594 4205 656 4268 hac
686 4208 819 4269 notione
850 4210 1035 4290 praeditum
1066 4210 1207 4273 occurrit
1237 4208 1326 4289 apud

153 4323 367 4406 Aeschylum,
399 4325 521 4409 Agam.
552 4341 628 4407 472,
648 4328 772 4407 ιφρενῶν
800 4329 985 4407 κεκομμένος
1011 4367 1055 4379 -
1077 4339 1182 4393 mente
1203 4339 1327 4410 captus.
