3038 4808
216 292 255 355 18
720 285 878 368 παρέχειν.

214 486 288 541 tunt
319 497 362 540 ex
392 476 554 539 manibus.
601 474 705 556 Apud
737 473 929 556 Euripidem
960 494 1034 537 raro
1063 474 1126 539 hoc
1149 495 1245 538 sensu
1269 475 1390 559 legitur

216 597 364 680 παρέχειν
396 598 437 661 de
466 598 563 660 rebus
594 597 770 660 concretis:
801 597 873 679 Iph.
905 597 1005 660 Taur.
1029 609 1096 678 950
1118 617 1166 680 sq.
1191 588 1218 660 oi
1241 597 1269 662 δ’
1294 594 1389 680 ἔσχον

215 719 300 794 αἰδῶ,
325 716 410 794 ξένια
434 714 650 798 μονοτράπεζά
674 715 746 806 uoti}
759 717 919 800 παρέσχον
937 755 977 766 -
994 718 1054 802 qui
1072 741 1124 783 me
1145 720 1389 795 reverebantur,

214 843 301 907 cibos
325 841 360 905 in
383 841 537 904 solitaria
560 859 673 903 mensa
687 839 812 922 positos
834 839 921 903 mibi
932 841 1144 923 praebebant.
1191 841 1243 904 De
1268 844 1388 906 eadem

216 985 251 1028 re
273 963 377 1027 verbo
402 959 599 1040 παρατιθέναι
623 980 701 1024 usus
724 968 775 1025 est
796 969 909 1025 noster
931 960 1022 1044 Cycl.
1048 979 1121 1043 390,
1138 962 1181 1025 de
1196 983 1264 1044 quo
1281 964 1387 1029 verbo

217 1086 294 1148 vide
316 1104 345 1147 c.
370 1083 396 1146 I.
420 1083 438 1166 5
463 1101 493 1147 2.
517 1104 550 1165 p.
576 1096 628 1163 25.

262 1203 398 1287 Hippol.
430 1204 495 1266 618
526 1224 575 1284 sq.
607 1202 631 1266 εἱ
653 1201 713 1283 γάρ
737 1199 870 1283 βρότειον
893 1200 995 1278 ἤθελες
1017 1208 1137 1284 σπεῖραι
1160 1201 1267 1293 minucii
1280 1205 1332 1269 οὐκ
1356 1206 1391 1271 ἐκ

218 1330 368 1404 γυναικῶν
392 1333 469 1406 χρῆν
493 1325 712 1407 παρασχέσθαι
735 1322 807 1389 τάδε
822 1327 913 1390 -si
933 1326 1020 1390 enim
1041 1325 1225 1405 humanum
1259 1328 1393 1392 volebas

217 1449 381 1514 seminare
397 1469 513 1531 genus,
539 1469 602 1511 non
617 1468 659 1511 eu
670 1447 864 1512 mulieribus
878 1449 1043 1530 oportebat
1054 1448 1113 1512 boc
1118 1449 1286 1531 praeberi.
1318 1449 1391 1533 Iph.

220 1571 298 1634 Aul.
326 1586 411 1633 1200
437 1589 485 1650 sq.
517 1568 546 1630 έν
570 1565 621 1648 ioco
645 1566 705 1647 γάρ
720 1561 754 1641 ἦν
769 1564 846 1642 τάδ’,
861 1567 948 1632 άλλθι
964 1568 1009 1647 μὲι
1026 1568 1053 1633 o’
1071 1566 1221 1649 ἐξαίρετον
1233 1566 1394 1658 ΙΙσΦάχιον

222 1692 398 1768 παρασχεῖν
415 1684 602 1749 Δαναΐδαισι
622 1684 727 1749 παῖδα
740 1684 794 1759 τήν
809 1721 847 1732 -
861 1685 920 1750 boc
929 1688 1015 1750 enim
1027 1707 1168 1769 aequum
1180 1697 1270 1766 erat;
1281 1697 1320 1750 at
1329 1709 1395 1752 non

220 1811 350 1876 electum
365 1811 481 1874 dedere
487 1809 602 1894 filiam
618 1819 709 1871 tuom
724 1807 892 1871 uictimam
907 1806 1048 1871 Graecis
1061 1807 1150 1871 Inest
1161 1829 1276 1872 sensus
1290 1807 1394 1892 negli-

222 1932 352 2016 gentiae
370 1951 471 2013 quam
491 1930 574 1993 inira
588 1930 622 1992 in
637 1928 739 1992 verbo
755 1926 892 2008 παριέναι
907 1928 1203 2011 deprehendemus.
1219 1929 1273 2011 (cf.
1285 1951 1314 1993 c.
1327 1929 1394 2014 V.).

267 2050 467 2135 Saepissime
483 2052 525 2114 de
542 2051 638 2114 rebus
653 2050 824 2113 abstractis
840 2060 1013 2133 usurpatur
1028 2071 1092 2132 eg.
1117 2051 1251 2134 Hippoi.
1266 2068 1326 2132 711
1344 2074 1396 2136 sq.

223 2171 346 2238 τοσόνδε
375 2194 426 2249 μοι
458 2169 636 2252 παράσχετ’
669 2167 971 2258 ἕξαιτονμένρΙΙσιχῇ
993 2169 1164 2235 καλύπτειν
1187 2170 1297 2237 tutans
1321 2173 1397 2247 εἶσκ-

223 2292 355 2358 κοάσατε
378 2330 421 2341 --
445 2303 571 2357 tantum
594 2292 681 2356 mibi
685 2303 855 2374 praestate
869 2292 1062 2374 deprecanti,
1079 2304 1118 2357 ut
1128 2294 1256 2358 silentio
1273 2295 1398 2376 tegatis
1484 2335 1485 2338 =

222 2438 307 2500 quae
336 2415 389 2479 bi'c
417 2415 603 2479 audinistis.
636 2413 790 2478 Similiter
819 2415 851 2477 in
878 2416 996 2478 eadem
1020 2414 1130 2478 fabula
1152 2436 1201 2479 vs.
1229 2433 1308 2478 1111
1339 2411 1398 2479 είθε

223 2559 273 2614 μοι
303 2532 459 2617 εὐξαμένρι
489 2531 581 2597 θεόθεν
611 2531 689 2596 τάδε
719 2538 809 2613 μοῖρα
841 2530 1010 2614 παράσχοι.
1042 2532 1113 2615 Iph.
1145 2533 1222 2597 Aul.
1257 2533 1320 2614 382
1345 2554 1398 2617 sq.

223 2657 337 2736 λέκτρα
353 2655 466 2736 χρήστ’
484 2655 551 2737 ε’ρρῖς
567 2654 687 2733 λαβεῖν·
698 2652 709 2743 Η
719 2656 771 2719 οὐκ
787 2651 891 2736 ἔχοιμ’
908 2650 945 2718 άν
961 2679 1004 2720 σοι
1021 2660 1208 2736 παρασχεῖν.
1224 2656 1398 2720 Phoeniss.

224 2781 287 2860 893
313 2776 402 2843 πθλει
427 2783 602 2858 παρασχεῖν
626 2775 792 2858 Φάρμακον
808 2776 963 2858 σωτηρίας.
988 2777 1096 2842 Orest.
1117 2778 1179 2840 186
1194 2773 1287 2842 ὕπνον
1305 2775 1400 2859 χάριν

226 2897 376 2980 παρέξεις.

268 3022 321 3084 De
351 3021 451 3083 animi
482 3019 653 3082 affectibus
684 3019 875 3083 adhibetur:
903 3019 1039 3102 Hippol.
1068 3019 1151 3101 1036
1174 3040 1223 3103 sq.
1248 3019 1400 3100 obprobrare

224 3136 317 3213 εἶπας
339 3139 442 3212 αἰτίας
464 3140 662 3221 άποστροφιίν
672 3138 683 3230 11
694 3137 792 3221 θ’ρκονς
808 3139 991 3222 παρασχών,
1008 3139 1109 3205 πίστιν
1126 3141 1157 3204 οὗ
1173 3138 1312 3222 σμικράν,
1329 3140 1400 3205 θεῶν

226 3302 271 3312 -
302 3265 509 3348 sufficientem
549 3264 669 3327 acuisti
702 3263 849 3328 criminis
876 3262 1104 3344 depulsionem,
1136 3263 1189 3326 ius
1218 3263 1401 3326 iurandum

218 3387 389 3469 praebens,
420 3407 483 3448 non
513 3386 616 3448 leuem
637 3386 754 3469 fidem,
777 3396 842 3467 per
870 3386 955 3449 deos.
986 3384 1107 3448 Phoen.
1140 3385 1203 3447 268
1235 3382 1278 3448 τά
1310 3381 1399 3448 πίστ’

226 3507 352 3588 ἐμαυτῷ
375 3511 427 3571 τοῦ
452 3505 573 3588 θράσους
590 3504 765 3587 παρέξομαι
779 3507 1041 3572 —securitatem
1056 3507 1215 3571 audaciae
1229 3505 1317 3570 milei
1334 3505 1405 3587 ipsi

219 3629 391 3711 praebebo.
416 3629 550 3712 Hippoi.
580 3645 661 3709 1322
685 3650 759 3712 sqq.
784 3629 816 3692 οὐ
839 3625 934 3710 χρθνῳ
957 3626 1202 3719 μακρῷίίσκέψιν
1229 3626 1403 3708 παρέσχες,

228 3750 315 3816 άλλά
347 3751 452 3814 θάσσον
482 3749 499 3823 ἥ
531 3774 565 3813 σε
595 3747 781 3838 χρῆνίίάράς
810 3750 933 3832 ε’φιῖκας
955 3749 1043 3814 παιδὶ
1066 3748 1119 3813 καὶ
1142 3747 1333 3821 κατέκτανες
1356 3787 1402 3798 -

228 3873 366 3955 tempori
384 3873 479 3954 longo
501 3872 743 3954 inquisitionem
765 3893 829 3936 non
847 3872 1000 3946 tribuisti,
1015 3873 1076 3936 sed
1086 3872 1182 3936 cr'tius
1196 3892 1298 3954 quam
1316 3872 1404 3937 dece·

229 3993 287 4059 bat
309 3994 542 4056 exsecrationes
564 3993 704 4058 emisisti
724 3993 759 4056 in
772 3993 889 4078 filium
911 4004 943 4057 et
964 4015 1037 4057 eum
1061 3993 1190 4058 necasti.
1237 3993 1404 4058 Extremo

229 4115 305 4178 ioco
321 4123 476 4197 quattuor
494 4115 625 4178 codices
641 4116 820 4179 Vaticanus
836 4115 885 4198 (B)
901 4115 1062 4179 Parisinus
1074 4115 1124 4198 (E)
1138 4115 1338 4178 Havniensis
1352 4114 1404 4199 (C)

229 4237 391 4300 Parisinus
414 4236 455 4320 (a)
477 4234 603 4300 habent
625 4234 792 4318 παρέσχες,
816 4236 1022 4301 Florentinus
1044 4237 1095 4322 (L)
1118 4246 1152 4301 et
1173 4237 1339 4301 Palatinus
1356 4237 1405 4322 (P)
