3038 4808
221 331 266 411 46
449 324 681 409 παραλύειν-
706 324 857 409 παρύνειυ
882 363 923 378 -
948 327 1171 409 παραιτεῖσθαι.

221 517 295 580 loco
318 517 365 580 sic
389 523 573 599 usurpatur,
595 513 721 578 Alcest.
751 529 811 596 117
835 535 906 597 sqq.
930 514 1004 578 ἀλλ’
1030 513 1096 579 ούδὲ
1119 514 1393 607 ναυκληρίαυίίέσί

221 633 288 703 ύποι
302 659 351 708 τις
364 634 436 708 αίας
445 633 457 725 ll
469 636 595 706 στείλας
609 636 626 712 ἢ
640 634 757 700 Λυκίαν
768 631 779 724 ll
791 633 849 700 εἴτ’
861 636 913 700 ε’πί
924 634 984 710 τας
995 634 1137 717 ύνύδρους
1147 633 1159 724 ll
1169 632 1398 714 Ἀμμυνιούδιις

221 753 309 839 ἕδρας
319 755 330 847 ll
340 755 487 822 δυστύνον
504 753 706 845 παραλύσαιίί
717 753 830 838 ψυχούν
841 793 885 806 -
896 778 1013 821 verum
1029 779 1132 840 neque
1143 779 1260 821 navem
1274 767 1325 821 est
1333 779 1396 842 quo

219 891 387 946 terrarum
411 880 536 963 aliquis
558 880 689 944 mittens
710 880 768 943 vel
778 879 815 943 in
829 880 966 962 Lyciam
980 880 1097 944 velud
1107 880 1210 943 si'ccas
1223 879 1399 944 Ammonis

219 1001 313 1066 sedes
339 1000 440 1065 huius
469 1002 611 1066 miserae
640 1001 781 1065 liberare
801 1002 912 1083 possit
935 1001 1094 1066 animam.
1141 999 1397 1066 Subaudiendus

221 1132 272 1188 est
301 1126 344 1186 ad
375 1120 555 1203 παραλύσαι
585 1122 751 1206 genitivus
781 1126 841 1186 τῶν
871 1127 973 1187 κακῶν
1003 1122 1057 1186 vel
1086 1122 1153 1187 tale
1184 1122 1273 1205 quid.
1321 1122 1397 1187 Hoc

220 1246 413 1310 scholiastes
436 1265 569 1327 quoque
592 1244 755 1328 intellegit
778 1246 958 1309 adnotans:
975 1252 1033 1320 τῆς
1051 1243 1198 1319 δυστήνου
1214 1244 1270 1318 τὴν
1285 1244 1398 1324 ψυχὴν

221 1366 323 1431 σύσειε
355 1363 408 1429 καὶ
444 1364 572 1429 παύσειε
605 1370 666 1430 τῶν
698 1370 810 1429 κακῶν.
857 1364 958 1448 Quod
989 1366 1107 1430 attinet
1136 1366 1180 1428 ad
1211 1367 1396 1449 optativum

222 1485 410 1567 ripuariam,
435 1508 533 1551 causa
557 1487 637 1550 mihi
660 1486 776 1550 adesse
800 1503 867 1550 non
889 1488 1020 1550 videtur
1042 1506 1100 1550 cur
1121 1506 1197 1550 cum
1209 1485 1397 1550 Wecklinio

221 1619 385 1675 mutemus
408 1608 584 1672 lectionem
607 1609 758 1672 codicum
782 1608 816 1671 in
840 1606 1022 1688 παραλύσει.
1069 1606 1245 1692 Optativus
1268 1609 1339 1671 sine
1358 1604 1395 1672 eir

220 1733 356 1817 perinde
383 1731 556 1794 adhibetur
586 1729 751 1795 Prometh.
782 1746 842 1810 291
879 1730 929 1793 ούκ
953 1726 1033 1794 ἔστιν
1055 1728 1112 1810 iris
1136 1725 1265 1808 μείζονα
1289 1734 1397 1811 μοῖραν

219 1852 356 1932 νείμαιμ’
382 1850 399 1926 ἤ
421 1873 473 1915 σοι.
521 1851 642 1935 Agam.
659 1850 726 1914 620
740 1850 791 1914 ούιι
808 1847 867 1915 ἔσθ’
885 1847 965 1922 ύπυς
980 1848 1108 1928 λέξαιμι
1123 1849 1167 1916 τοὶ
1182 1848 1283 1931 ψευδῆ
1298 1848 1394 1916 καλοί.

220 1975 376 2040 Concedo
411 1972 550 2036 multum
586 1974 745 2037 interesse
780 1974 865 2036 inter
896 1973 1073 2037 dictionem
1106 1971 1332 2055 Aeschyleam
1363 1981 1396 2037 et

219 2098 444 2180 Euripideam.
500 2095 538 2157 In
576 2095 678 2158 choro
716 2103 828 2158 tamen
865 2095 965 2159 talem
1004 2095 1168 2159 licentiam
1203 2095 1396 2178 Euripidem

219 2239 352 2303 quoque
376 2218 437 2281 sibi
462 2217 592 2280 dedisse
614 2225 707 2298 puto.

264 2409 423 2492 παρύγειν.

263 2582 412 2645 Verbum
436 2577 587 2660 παρύγειν
608 2582 713 2660 semel
736 2584 826 2664 apud
848 2589 997 2644 nostrum
1019 2579 1192 2644 adhibetur
1206 2581 1395 2663 praeditum

218 2705 351 2767 notione
381 2703 638 2778 abducendi,
670 2702 836 2766 Heraclid.
865 2702 929 2783 673
955 2700 1008 2765 καί
1033 2700 1070 2776 δὶς
1096 2709 1252 2782 παρῆκται
1268 2700 1396 2784 σφύγια

217 2821 334 2899 τύξεον
358 2820 430 2894 ἕκύς
445 2861 489 2872 -
505 2825 573 2888 iam
597 2824 748 2889 vi'ctimae
761 2824 935 2906 proculab
951 2824 1121 2888 ordinibus
1134 2835 1213 2888 sunt
1226 2824 1395 2889 abductae.

218 2947 294 3010 Hoc
323 2947 472 3019 verbum,
504 2955 541 3009 ut
571 2948 660 3029 apud
691 2948 782 3023 alios,
814 2948 946 3030 saepius
976 2945 1132 3010 translate
1154 2946 1273 3030 legitur
1295 2968 1395 3012 sensu

217 3069 413 3151 decipiendi,
438 3070 480 3132 de
504 3089 570 3151 quo
594 3069 677 3132 infra
699 3070 847 3133 dicemus
871 3070 909 3152 (c.
935 3067 1017 3152 Ν).

263 3263 486 3344 παραιτεῖσθαι.

261 3450 293 3498 u.
339 3433 488 3497 Verbum
514 3432 731 3514 παραιτεῖσθαι
753 3432 806 3496 hic
830 3453 923 3496 suum
949 3431 1059 3497 locum
1081 3432 1205 3496 habere
1224 3433 1278 3497 vel
1294 3453 1395 3498 exeo

216 3554 424 3638 intellegitur,
460 3557 549 3636 quod
580 3576 670 3619 curn
707 3555 901 3638 genitivo
936 3574 1151 3636 personae
1184 3557 1394 3620 construitur.

261 3675 418 3759 Legimus
447 3677 535 3740 enirn
562 3677 682 3740 Medea
711 3689 789 3756 1151
817 3696 888 3758 sqq.
913 3675 945 3739 ού
968 3675 1012 3754 μὴ
1038 3674 1191 3753 δυσμενὴς
1213 3672 1266 3756 ἔσρ
1289 3675 1393 3759 Φίλοις

220 3793 313 3884 ll...
337 3794 410 3877 δὲξρ
434 3796 467 3862 δὲ
490 3797 570 3878 δῶρα
594 3797 647 3862 καὶ
672 3797 848 3879 παραιτιίσρ
873 3794 1130 3886 πατρύςίίφυγοὶς
1151 3797 1279 3877 οὶΦεῖναι
1303 3796 1395 3864 παισί

217 3915 313 3981 τοῖσδ’
338 3917 415 3996 ἐμὴν
438 3916 545 4000 χοίριν;
565 3957 605 3967 -
622 3942 662 3983 ne
683 3920 819 3984 inimica
841 3919 889 3983 sis
904 3920 1027 3992 amicis,
1045 3919 1150 4001 accipe
1163 3940 1239 3983 vero
1253 3939 1395 3985 munera

217 4051 250 4104 et
275 4061 358 4124 roga
378 4049 511 4122 patrem
534 4051 572 4105 ut
592 4043 728 4107 exilium
751 4042 900 4108 remittat
920 4041 1031 4105 liberis
1053 4040 1108 4104 liis
1130 4041 1165 4105 in
1187 4061 1296 4105 meam
1313 4061 1395 4126 gra·

217 4162 309 4226 tiam.
358 4162 482 4225 Notatu
512 4163 648 4246 dignum
679 4172 730 4228 est
760 4165 898 4227 verbum
926 4161 1139 4242 παραιτεῖσθαι
1162 4171 1325 4244 quatenus
1348 4184 1394 4227 ex

217 4282 387 4366 Stephano
411 4294 559 4367 apparet,
583 4283 647 4348 hoc
672 4306 738 4349 uno
763 4286 837 4350 loco
862 4305 938 4348 cum
961 4285 1107 4368 genitivo
1125 4303 1289 4368 personae
1305 4304 1392 4369 quae
