3038 4808
173 327 213 408 38
261 322 518 407 παραβαίνειν-
532 320 684 406 παρθγειν
693 360 738 373 -
751 321 970 406 παρακομίζειν
981 361 1026 417 -5
1037 323 1253 406 παραμείβειν.

213 530 241 580 c.
288 508 491 593 παραβαίνειν
507 509 691 595 significare
703 520 813 595 potest
824 510 1057 576 choreutarum
1070 513 1243 588 actionem,
1257 535 1342 596 quae

167 638 304 694 vocatur
332 626 522 709 παραίβασις,
555 649 632 693 cum
655 629 698 693 ad
721 637 924 713 spectatores
947 630 1141 695 comoediae
1162 631 1283 696 chorus
1304 652 1342 698 se

169 747 339 810 convertit.
369 744 580 828 (παραβαίνων
597 745 672 828 πρὸς
686 745 721 810 τί
738 746 867 831 θέατρον)
883 746 924 812 cf.
939 747 1039 813 Arist.
1051 747 1120 812 Pax
1133 764 1151 830 7
1156 766 1172 829 3
1178 763 1207 830 5.
1240 749 1344 833 Apud

167 877 315 932 nostrum
330 877 450 943 tamen,
467 870 557 950 quod
572 869 629 932 vix
644 869 777 942 mireris,
794 869 840 932 sic
860 890 927 933 non
943 869 1117 933 adhibetur
1129 868 1343 957 παραβαίνειν.

214 1027 375 1109 παροίνειν.

211 1185 361 1249 Verbum
397 1183 547 1267 παροίγειν
584 1189 718 1252 notione
749 1187 1088 1270 praeteragendi
1119 1187 1222 1251 semel
1252 1188 1344 1271 apud

168 1311 315 1366 nostrum
337 1313 473 1385 poetam
496 1304 669 1368 invenitur.
716 1303 776 1367 lon
805 1302 866 1366 166
886 1301 1011 1383 ποίρανε
1027 1284 1186 1384 πτέρυγας
1195 1339 1241 1352 -
1244 1315 1344 1387 prae·

168 1429 280 1502 terage
317 1421 402 1483 alas.
457 1420 609 1503 Cycnum
639 1420 803 1504 templum
834 1419 998 1502 Apollinis
1032 1420 1122 1484 adire
1157 1429 1248 1485 vetat
1283 1421 1343 1485 lon

168 1555 310 1618 eumque
333 1538 424 1600 iubet
447 1538 698 1621 praetervolare.
745 1537 931 1600 Transitive
953 1536 1016 1601 hoc
1040 1557 1137 1601 sensu
1157 1537 1247 1621 apud
1262 1537 1344 1602 alios

170 1652 321 1734 παροίνειν
347 1676 517 1719 occurrere
540 1677 606 1720 non
630 1657 769 1719 videtur.
816 1655 1013 1720 Neutraliter
1034 1655 1151 1739 Polyb.
1175 1656 1218 1720 V.
1246 1659 1295 1721 18.
1320 1673 1344 1736 4

169 1771 195 1836 oi
216 1772 451 1851 Λακεδαιμόνιοι
476 1773 644 1855 θεωροῦντες
658 1772 691 1837 ε’κ
706 1781 764 1848 τῆς
780 1771 898 1846 τθλεοις
913 1771 1115 1854 παραγοθσαν
1130 1774 1185 1848 τθρν
1202 1771 1342 1853 δύναμιν.

168 1887 325 1954 Ceterum
348 1892 390 1954 de
413 1892 478 1956 hoc
500 1892 603 1955 verbo
627 1891 693 1956 vid.
716 1911 749 1973 p.
773 1891 828 1970 46.

215 2052 444 2134 παρακομίζειν.

214 2207 278 2271 Hic
312 2227 408 2271 suum
441 2208 550 2272 locum
580 2208 703 2273 habere
733 2208 872 2273 verbum
902 2203 1123 2288 παρακομίζειν
1153 2208 1253 2272 docet
1283 2228 1345 2273 nos

168 2325 392 2407 Thucydides,
424 2327 481 2390 VI.
513 2344 558 2406 44
590 2323 829 2406 παρεκομίζοντο
855 2325 912 2400 τὴν
936 2322 1074 2389 Ἰταλίαν
1096 2361 1140 2373 -
1157 2335 1345 2408 praeterve-

169 2441 295 2506 huntur
315 2464 409 2506 oram
431 2444 560 2508 Italiae.

214 2557 316 2639 Apud
333 2548 556 2621 'Plutarchum
588 2568 761 2641 usurpatur
792 2560 833 2622 de
865 2559 964 2622 rebus
995 2576 1081 2639 quae
1111 2557 1145 2620 in
1177 2558 1346 2641 triumpho

169 2683 300 2756 praeter
330 2684 532 2756 spectatores
556 2676 729 2751 vehuntur,
753 2674 879 2739 Lucull.
906 2689 947 2758 37
973 2673 1002 2737 ἕν
1024 2681 1064 2754 τῇ
1088 2681 1347 2755 τομπῇ...νῆες

171 2789 280 2856 ἑκατὸν
310 2791 364 2856 καί
396 2791 471 2856 δέκα
501 2787 573 2871 οίμα
606 2791 878 2874 παρεκομίσθησαν.
926 2791 980 2856 Sic
1011 2793 1110 2855 Herc.
1135 2792 1211 2855 Fur.
1241 2805 1299 2872 125
1326 2814 1347 2858 a

171 2920 283 2974 nostro
314 2911 489 2975 adhibetur
519 2913 562 2976 de
594 2913 737 2983 senibus
767 2912 822 2993 qui
845 2911 898 2974 alii
921 2910 1003 2975 alios
1026 2910 1192 2974 deducunt
1215 2918 1347 2992 praeter

170 3037 389 3111 spectatores:
415 3027 506 3108 γέρων
529 3029 657 3109 γέροντα
681 3025 876 3110 παρακίμιζε
891 3065 935 3077 -
950 3049 1057 3092 senem
1075 3047 1176 3091 senex
1189 3027 1345 3091 deducito.

170 3146 246 3208 Hoc
274 3146 347 3210 loco
371 3148 528 3210 accedere
551 3168 665 3211 sensus
688 3146 864 3210 comitandi
887 3144 941 3208 vel
964 3145 1159 3220 deducendi,
1184 3164 1227 3205 ex
1250 3164 1347 3226 prae-

172 3265 291 3347 gressis
315 3265 472 3340 versibus,
489 3265 608 3346 quibus
623 3265 817 3327 describitur
832 3262 1037 3327 imbecillitas
1052 3281 1177 3338 senum,
1195 3270 1345 3345 apparet.

173 3379 255 3443 Item
283 3382 373 3464 apud
398 3381 664 3464 Xenophontem,
692 3380 811 3444 Hellen
836 3382 861 3443 Ι.
884 3398 917 3459 4.
943 3395 962 3462 7
987 3378 1174 3459 πέμψαντες
1196 3377 1230 3442 δὲ
1255 3380 1349 3459 Ἀριο·

173 3493 320 3578 βαρζοίνει
351 3498 563 3580 παρακομίσαι
595 3497 707 3572 αὐτοὺς
737 3497 881 3563 ἐκέλευον·
914 3497 928 3561 θ
959 3496 991 3562 δὲ
1014 3496 1184 3573 οίπθνανεν
1207 3495 1248 3566 είς
1270 3494 1348 3560 Κίον.

222 3617 301 3680 Alia
330 3619 465 3682 notione
495 3619 584 3700 apud
615 3618 757 3681 eundem
782 3618 975 3698 scriptorem
997 3615 1136 3680 occurrit
1158 3614 1279 3677 Hellen
1304 3613 1347 3679 V.

173 3753 204 3814 4.
214 3735 253 3797 61
269 3734 321 3799 καὶ
335 3739 349 3799 θ
361 3735 417 3813 μὲν
430 3741 512 3807 σῖτος
524 3741 587 3808 τοῖς
598 3733 760 3810 Ἀθηναίοις
771 3730 845 3798 οὕτω
858 3731 1064 3814 παρεκομίσθη
1074 3734 1127 3795 i.c.
1136 3732 1346 3815 afflrebatur.
1434 3784 1438 3790 .

219 3895 433 3976 ταραμείβειν.

221 4051 341 4114 Activa
372 4050 477 4114 forma
506 4051 601 4115 huius
632 4051 723 4114 verbi
746 4051 835 4133 apud
857 4051 1055 4114 recentiores
1077 4057 1204 4113 tantum
1228 4048 1350 4131 legitur

174 4169 234 4233 nisi
250 4170 339 4251 quod
356 4167 458 4251 Soph.
477 4167 519 4233 Ο.
536 4169 566 4231 R
584 4183 647 4249 504
664 4170 758 4232 adest
770 4168 927 4233 translata
938 4169 1072 4232 notione
1094 4167 1349 4249 superandi:

173 4284 269 4369 σοφία
293 4284 320 4348 θ’
344 4281 382 4349 θον
406 4282 518 4365 σοφίαν
543 4284 764 4367 ταραμείψειεν
787 4281 868 4367 οίννρ.
