<?xml version="1.0" encoding="UTF-8"?>
<!DOCTYPE html PUBLIC "-//W3C//DTD XHTML 1.0 Transitional//EN"
    "http://www.w3.org/TR/xhtml1/DTD/xhtml1-transitional.dtd">
<html xmlns="http://www.w3.org/1999/xhtml" xml:lang="en" lang="en">
 <head>
  <title>
</title>
<meta http-equiv="Content-Type" content="text/html;charset=utf-8" />
  <meta name='ocr-system' content='tesseract 3.04.00' />
  <meta name='ocr-capabilities' content='ocr_page ocr_carea ocr_par ocr_line ocrx_word'/>
</head>
<body>
  <div class='ocr_page' id='page_1' title='image "./deparapraeposit01laangoog_0079.png"; bbox 0 0 3038 4808; ppageno 0'>
   <div class='ocr_carea' id='block_1_1' title="bbox 175 291 1014 375">
    <p class='ocr_par' dir='ltr' id='par_1_1' title="bbox 175 291 1014 375">
     <span class='ocr_line' id='line_1_1' title="bbox 175 291 1014 375; baseline -0.004 -16"><span class='ocrx_word' id='word_1_1' title='bbox 175 309 215 375; x_wconf 80' lang='lat'>52</span> <span class='ocrx_word' id='word_1_2' title='bbox 504 292 705 374; x_wconf 78' lang='grc' dir='ltr'><em>παροίχεοθαν</em></span> <span class='ocrx_word' id='word_1_3' title='bbox 733 332 768 340; x_wconf 85' lang='lat'><em>-</em></span> <span class='ocrx_word' id='word_1_4' title='bbox 797 291 1014 374; x_wconf 78' lang='grc' dir='ltr'><em>παραπλαζενν</em></span> 
     </span>
    </p>
   </div>
   <div class='ocr_carea' id='block_1_2' title="bbox 169 477 1354 2511">
    <p class='ocr_par' dir='ltr' id='par_1_2' title="bbox 171 477 1354 1050">
     <span class='ocr_line' id='line_1_2' title="bbox 171 477 1353 564; baseline -0.001 -20"><span class='ocrx_word' id='word_1_5' title='bbox 171 481 280 545; x_wconf 93' lang='lat' dir='ltr'>locum</span> <span class='ocrx_word' id='word_1_6' title='bbox 304 483 471 563; x_wconf 85' lang='lat' dir='ltr'>accepisse</span> <span class='ocrx_word' id='word_1_7' title='bbox 495 489 586 564; x_wconf 91' lang='lat' dir='ltr'>put0,</span> <span class='ocrx_word' id='word_1_8' title='bbox 611 483 667 563; x_wconf 91' lang='lat' dir='ltr'>qui</span> <span class='ocrx_word' id='word_1_9' title='bbox 684 481 837 544; x_wconf 86' lang='lat' dir='ltr'>adnotat:</span> <span class='ocrx_word' id='word_1_10' title='bbox 855 479 1013 545; x_wconf 76' lang='grc' dir='ltr'><em>καὶτοῦτο</em></span> <span class='ocrx_word' id='word_1_11' title='bbox 1032 487 1121 546; x_wconf 81' lang='grc' dir='ltr'><em>ποιῶν</em></span> <span class='ocrx_word' id='word_1_12' title='bbox 1139 480 1225 551; x_wconf 81' lang='grc' dir='ltr'><em>ε’κπὸς</em></span> <span class='ocrx_word' id='word_1_13' title='bbox 1241 477 1353 557; x_wconf 77' lang='grc' dir='ltr'><em>ἔσομαι</em></span> 
     </span>
     <span class='ocr_line' id='line_1_3' title="bbox 171 601 1352 685; baseline 0 -20"><span class='ocrx_word' id='word_1_14' title='bbox 171 606 223 667; x_wconf 79' lang='grc' dir='ltr'>τοῦ</span> <span class='ocrx_word' id='word_1_15' title='bbox 257 602 368 672; x_wconf 78' lang='grc' dir='ltr'><em>νείκους</em></span> <span class='ocrx_word' id='word_1_16' title='bbox 402 602 475 675; x_wconf 83' lang='grc' dir='ltr'><em>θεοῖς</em></span> <span class='ocrx_word' id='word_1_17' title='bbox 505 603 665 681; x_wconf 76' lang='grc' dir='ltr'><em>ὑπηρετῶν.</em></span> <span class='ocrx_word' id='word_1_18' title='bbox 704 608 796 673; x_wconf 82' lang='grc' dir='ltr'><em>νεῖκος</em></span> <span class='ocrx_word' id='word_1_19' title='bbox 829 601 953 666; x_wconf 90' lang='lat' dir='ltr'>bellum</span> <span class='ocrx_word' id='word_1_20' title='bbox 985 624 1062 666; x_wconf 93' lang='lat' dir='ltr'>cum</span> <span class='ocrx_word' id='word_1_21' title='bbox 1095 604 1156 666; x_wconf 90' lang='lat' dir='ltr'>diis</span> <span class='ocrx_word' id='word_1_22' title='bbox 1180 613 1230 666; x_wconf 89' lang='lat' dir='ltr'>est</span> <span class='ocrx_word' id='word_1_23' title='bbox 1261 604 1352 685; x_wconf 93' lang='lat' dir='ltr'>quod</span> 
     </span>
     <span class='ocr_line' id='line_1_4' title="bbox 171 724 1353 807; baseline -0.001 -18"><span class='ocrx_word' id='word_1_24' title='bbox 171 727 294 789; x_wconf 89' lang='lat' dir='ltr'>evitare</span> <span class='ocrx_word' id='word_1_25' title='bbox 318 745 377 787; x_wconf 90' lang='lat' dir='ltr'>rex</span> <span class='ocrx_word' id='word_1_26' title='bbox 400 724 601 807; x_wconf 88' lang='lat' dir='ltr'>Argivorum</span> <span class='ocrx_word' id='word_1_27' title='bbox 625 726 753 800; x_wconf 88' lang='lat' dir='ltr'>studet;</span> <span class='ocrx_word' id='word_1_28' title='bbox 778 745 879 806; x_wconf 92' lang='lat' dir='ltr'>quare</span> <span class='ocrx_word' id='word_1_29' title='bbox 899 725 1009 807; x_wconf 88' lang='lat' dir='ltr'>paullo</span> <span class='ocrx_word' id='word_1_30' title='bbox 1025 733 1102 788; x_wconf 89' lang='lat' dir='ltr'>ante</span> <span class='ocrx_word' id='word_1_31' title='bbox 1118 726 1197 788; x_wconf 91' lang='lat' dir='ltr'>dicit</span> <span class='ocrx_word' id='word_1_32' title='bbox 1213 725 1353 788; x_wconf 92' lang='lat' dir='ltr'>multum</span> 
     </span>
     <span class='ocr_line' id='line_1_5' title="bbox 171 845 1354 926; baseline 0 -16"><span class='ocrx_word' id='word_1_33' title='bbox 171 846 419 910; x_wconf 87' lang='lat' dir='ltr'>sacrificandum</span> <span class='ocrx_word' id='word_1_34' title='bbox 443 866 516 908; x_wconf 90' lang='lat' dir='ltr'>esse</span> <span class='ocrx_word' id='word_1_35' title='bbox 541 847 612 908; x_wconf 87' lang='lat' dir='ltr'>diis.</span> <span class='ocrx_word' id='word_1_36' title='bbox 660 846 782 908; x_wconf 91' lang='lat' dir='ltr'>Iterum</span> <span class='ocrx_word' id='word_1_37' title='bbox 807 845 993 926; x_wconf 87' lang='lat' dir='ltr'><strong>Aeschylus</strong></span> <span class='ocrx_word' id='word_1_38' title='bbox 1017 847 1105 908; x_wconf 93' lang='lat' dir='ltr'>solus</span> <span class='ocrx_word' id='word_1_39' title='bbox 1129 847 1192 909; x_wconf 95' lang='lat' dir='ltr'>hoc</span> <span class='ocrx_word' id='word_1_40' title='bbox 1213 847 1354 910; x_wconf 91' lang='lat' dir='ltr'>verbum</span> 
     </span>
     <span class='ocr_line' id='line_1_6' title="bbox 172 967 578 1050; baseline -0.007 -19"><span class='ocrx_word' id='word_1_41' title='bbox 172 971 219 1031; x_wconf 91' lang='lat' dir='ltr'>sic</span> <span class='ocrx_word' id='word_1_42' title='bbox 243 987 418 1050; x_wconf 85' lang='lat' dir='ltr'>usurpasse</span> <span class='ocrx_word' id='word_1_43' title='bbox 441 967 578 1030; x_wconf 91' lang='lat' dir='ltr'>videtur.</span> 
     </span>
    </p>

    <p class='ocr_par' dir='ltr' id='par_1_3' title="bbox 169 1086 1352 2389">
     <span class='ocr_line' id='line_1_7' title="bbox 218 1086 1349 1172; baseline -0.001 -20"><span class='ocrx_word' id='word_1_44' title='bbox 218 1090 321 1172; x_wconf 89' lang='lat' dir='ltr'>Apud</span> <span class='ocrx_word' id='word_1_45' title='bbox 345 1088 536 1170; x_wconf 89' lang='lat' dir='ltr'>Euripidem</span> <span class='ocrx_word' id='word_1_46' title='bbox 553 1107 619 1150; x_wconf 93' lang='lat' dir='ltr'>uno</span> <span class='ocrx_word' id='word_1_47' title='bbox 640 1087 715 1150; x_wconf 93' lang='lat' dir='ltr'>loco</span> <span class='ocrx_word' id='word_1_48' title='bbox 733 1086 935 1167; x_wconf 80' lang='grc' dir='ltr'><em>παροίχεσθαο</em></span> <span class='ocrx_word' id='word_1_49' title='bbox 951 1089 1131 1150; x_wconf 89' lang='lat' dir='ltr'>invenitur:</span> <span class='ocrx_word' id='word_1_50' title='bbox 1148 1088 1270 1151; x_wconf 86' lang='lat' dir='ltr'>Medea</span> <span class='ocrx_word' id='word_1_51' title='bbox 1285 1103 1349 1170; x_wconf 81' lang='lat'>995</span> 
     </span>
     <span class='ocr_line' id='line_1_8' title="bbox 171 1205 1351 1292; baseline -0.001 -18"><span class='ocrx_word' id='word_1_52' title='bbox 171 1209 313 1284; x_wconf 77' lang='grc' dir='ltr'><em>δύστανε,</em></span> <span class='ocrx_word' id='word_1_53' title='bbox 338 1208 445 1289; x_wconf 84' lang='grc' dir='ltr'><em>μοίρας</em></span> <span class='ocrx_word' id='word_1_54' title='bbox 468 1205 532 1272; x_wconf 72' lang='grc' dir='ltr'><em>ὅσον</em></span> <span class='ocrx_word' id='word_1_55' title='bbox 556 1207 693 1289; x_wconf 76' lang='grc' dir='ltr'><em>παροίχρ</em></span> <span class='ocrx_word' id='word_1_56' title='bbox 710 1246 753 1255; x_wconf 97' lang='grc'>-</span> <span class='ocrx_word' id='word_1_57' title='bbox 770 1210 880 1286; x_wconf 71' lang='grc' dir='ltr'><em>ναίειν,</em></span> <span class='ocrx_word' id='word_1_58' title='bbox 896 1220 1055 1292; x_wconf 86' lang='lat' dir='ltr'>quantum</span> <span class='ocrx_word' id='word_1_59' title='bbox 1072 1209 1209 1273; x_wconf 78' lang='lat' dir='ltr'>aberras</span> <span class='ocrx_word' id='word_1_60' title='bbox 1224 1232 1247 1272; x_wconf 90' lang='grc' dir='ltr'><em>α</em></span> <span class='ocrx_word' id='word_1_61' title='bbox 1262 1221 1351 1274; x_wconf 82' lang='lat' dir='ltr'>recta</span> 
     </span>
     <span class='ocr_line' id='line_1_9' title="bbox 172 1331 1352 1420; baseline -0.003 -23"><span class='ocrx_word' id='word_1_62' title='bbox 172 1333 362 1397; x_wconf 85' lang='lat' dir='ltr'>conscientia</span> <span class='ocrx_word' id='word_1_63' title='bbox 385 1335 546 1412; x_wconf 84' lang='lat' dir='ltr'>fortunae</span> <span class='ocrx_word' id='word_1_64' title='bbox 575 1342 659 1395; x_wconf 83' lang='lat' dir='ltr'>tuae.</span> <span class='ocrx_word' id='word_1_65' title='bbox 707 1332 880 1411; x_wconf 88' lang='lat' dir='ltr'>Perperam</span> <span class='ocrx_word' id='word_1_66' title='bbox 894 1331 1095 1420; x_wconf 67' lang='lat' dir='ltr'>lscholiastes</span> <span class='ocrx_word' id='word_1_67' title='bbox 1119 1331 1352 1412; x_wconf 82' lang='lat' dir='ltr'>interpretatur</span> 
     </span>
     <span class='ocr_line' id='line_1_10' title="bbox 174 1452 1350 1534; baseline -0.001 -16"><span class='ocrx_word' id='word_1_68' title='bbox 174 1453 331 1534; x_wconf 77' lang='grc' dir='ltr'><em>παροίχρε</em></span> <span class='ocrx_word' id='word_1_69' title='bbox 358 1454 515 1533; x_wconf 82' lang='grc' dir='ltr'><em>παρελθεῖν</em></span> <span class='ocrx_word' id='word_1_70' title='bbox 533 1452 714 1526; x_wconf 75' lang='grc' dir='ltr'><em>πεποίηκας.</em></span> <span class='ocrx_word' id='word_1_71' title='bbox 761 1452 855 1515; x_wconf 87' lang='lat' dir='ltr'>Alter</span> <span class='ocrx_word' id='word_1_72' title='bbox 879 1452 1044 1534; x_wconf 90' lang='lat' dir='ltr'>aliquanto</span> <span class='ocrx_word' id='word_1_73' title='bbox 1061 1454 1179 1515; x_wconf 89' lang='lat' dir='ltr'>rectius</span> <span class='ocrx_word' id='word_1_74' title='bbox 1196 1455 1350 1518; x_wconf 89' lang='lat' dir='ltr'>adnotat:</span> 
     </span>
     <span class='ocr_line' id='line_1_11' title="bbox 171 1571 1351 1655; baseline -0.002 -15"><span class='ocrx_word' id='word_1_75' title='bbox 171 1573 236 1641; x_wconf 76' lang='grc' dir='ltr'><em>ὅσον</em></span> <span class='ocrx_word' id='word_1_76' title='bbox 252 1580 305 1640; x_wconf 81' lang='grc' dir='ltr'>τοῦ</span> <span class='ocrx_word' id='word_1_77' title='bbox 322 1575 504 1649; x_wconf 75' lang='grc' dir='ltr'><em>καθήκοντος</em></span> <span class='ocrx_word' id='word_1_78' title='bbox 520 1573 697 1655; x_wconf 77' lang='grc' dir='ltr'><em>ἐξὲδραροες,</em></span> <span class='ocrx_word' id='word_1_79' title='bbox 713 1576 751 1645; x_wconf 81' lang='grc' dir='ltr'>ὡς</span> <span class='ocrx_word' id='word_1_80' title='bbox 766 1574 810 1651; x_wconf 72' lang='grc' dir='ltr'>μὴ</span> <span class='ocrx_word' id='word_1_81' title='bbox 828 1573 954 1638; x_wconf 80' lang='grc' dir='ltr'><em>οννοέναν</em></span> <span class='ocrx_word' id='word_1_82' title='bbox 975 1571 1020 1637; x_wconf 74' lang='grc' dir='ltr'>ὅτι</span> <span class='ocrx_word' id='word_1_83' title='bbox 1036 1572 1087 1637; x_wconf 73' lang='grc' dir='ltr'>ἐπὶ</span> <span class='ocrx_word' id='word_1_84' title='bbox 1101 1571 1189 1654; x_wconf 81' lang='grc' dir='ltr'><em>φθνον</em></span> <span class='ocrx_word' id='word_1_85' title='bbox 1202 1573 1245 1636; x_wconf 76' lang='grc' dir='ltr'>πα</span> <span class='ocrx_word' id='word_1_86' title='bbox 1257 1573 1351 1638; x_wconf 80' lang='grc' dir='ltr'><em>τέκνα</em></span> 
     </span>
     <span class='ocr_line' id='line_1_12' title="bbox 172 1695 1348 1775; baseline -0.002 -13"><span class='ocrx_word' id='word_1_87' title='bbox 172 1722 223 1762; x_wconf 85' lang='grc' dir='ltr'>σου</span> <span class='ocrx_word' id='word_1_88' title='bbox 255 1696 352 1775; x_wconf 77' lang='grc' dir='ltr'><em>θογεις.</em></span> <span class='ocrx_word' id='word_1_89' title='bbox 400 1699 432 1760; x_wconf 90' lang='grc' dir='ltr'>Α</span> <span class='ocrx_word' id='word_1_90' title='bbox 464 1698 595 1760; x_wconf 88' lang='lat' dir='ltr'>fortuna</span> <span class='ocrx_word' id='word_1_91' title='bbox 625 1699 678 1760; x_wconf 91' lang='lat' dir='ltr'>vel</span> <span class='ocrx_word' id='word_1_92' title='bbox 705 1700 759 1761; x_wconf 80' lang='grc' dir='ltr'>τοῦ</span> <span class='ocrx_word' id='word_1_93' title='bbox 782 1697 964 1770; x_wconf 72' lang='grc' dir='ltr'><em>καθήκοντος</em></span> <span class='ocrx_word' id='word_1_94' title='bbox 987 1705 1022 1759; x_wconf 91' lang='lat' dir='ltr'>ut</span> <span class='ocrx_word' id='word_1_95' title='bbox 1045 1698 1123 1759; x_wconf 91' lang='lat' dir='ltr'>dicit</span> <span class='ocrx_word' id='word_1_96' title='bbox 1145 1695 1348 1770; x_wconf 89' lang='lat' dir='ltr'>scholiastes,</span> 
     </span>
     <span class='ocr_line' id='line_1_13' title="bbox 169 1818 1350 1900; baseline -0.002 -16"><span class='ocrx_word' id='word_1_97' title='bbox 169 1823 266 1886; x_wconf 89' lang='lat' dir='ltr'>Iason</span> <span class='ocrx_word' id='word_1_98' title='bbox 282 1842 349 1884; x_wconf 91' lang='lat' dir='ltr'>non</span> <span class='ocrx_word' id='word_1_99' title='bbox 366 1830 461 1896; x_wconf 88' lang='lat' dir='ltr'>errat,</span> <span class='ocrx_word' id='word_1_100' title='bbox 478 1820 538 1883; x_wconf 93' lang='lat' dir='ltr'>sed</span> <span class='ocrx_word' id='word_1_101' title='bbox 554 1841 573 1883; x_wconf 94' lang='lat' dir='ltr'>a</span> <span class='ocrx_word' id='word_1_102' title='bbox 588 1821 689 1883; x_wconf 88' lang='lat' dir='ltr'>rectia</span> <span class='ocrx_word' id='word_1_103' title='bbox 706 1820 840 1882; x_wconf 92' lang='lat' dir='ltr'>notione</span> <span class='ocrx_word' id='word_1_104' title='bbox 857 1818 1006 1881; x_wconf 87' lang='lat' dir='ltr'>fortunae</span> <span class='ocrx_word' id='word_1_105' title='bbox 1023 1838 1111 1880; x_wconf 87' lang='lat' dir='ltr'>suae.</span> <span class='ocrx_word' id='word_1_106' title='bbox 1160 1819 1244 1880; x_wconf 91' lang='lat' dir='ltr'>Nam</span> <span class='ocrx_word' id='word_1_107' title='bbox 1258 1820 1350 1900; x_wconf 91' lang='lat' dir='ltr'>quod</span> 
     </span>
     <span class='ocr_line' id='line_1_14' title="bbox 170 1937 1349 2025; baseline -0.002 -19"><span class='ocrx_word' id='word_1_108' title='bbox 170 1945 311 2007; x_wconf 87' lang='lat' dir='ltr'>Medeae</span> <span class='ocrx_word' id='word_1_109' title='bbox 345 1943 568 2025; x_wconf 82' lang='lat' dir='ltr'>morigeratur,</span> <span class='ocrx_word' id='word_1_110' title='bbox 594 1940 675 2004; x_wconf 89' lang='lat' dir='ltr'>haec</span> <span class='ocrx_word' id='word_1_111' title='bbox 699 1945 790 2020; x_wconf 76' lang='grc' dir='ltr'><em>μοῖρα</em></span> <span class='ocrx_word' id='word_1_112' title='bbox 816 1941 941 2004; x_wconf 91' lang='lat' dir='ltr'>lasonis</span> <span class='ocrx_word' id='word_1_113' title='bbox 965 1949 1024 2003; x_wconf 89' lang='lat' dir='ltr'>est.</span> <span class='ocrx_word' id='word_1_114' title='bbox 1072 1939 1226 2003; x_wconf 86' lang='lat' dir='ltr'>Ceterum</span> <span class='ocrx_word' id='word_1_115' title='bbox 1251 1937 1349 2018; x_wconf 79' lang='grc' dir='ltr'><em>παρα,</em></span> 
     </span>
     <span class='ocr_line' id='line_1_15' title="bbox 171 2060 1349 2147; baseline -0.004 -19"><span class='ocrx_word' id='word_1_116' title='bbox 171 2075 208 2128; x_wconf 90' lang='lat' dir='ltr'>ut</span> <span class='ocrx_word' id='word_1_117' title='bbox 229 2065 441 2147; x_wconf 89' lang='lat' dir='ltr'>praecedenti</span> <span class='ocrx_word' id='word_1_118' title='bbox 465 2064 540 2126; x_wconf 93' lang='lat' dir='ltr'>loco</span> <span class='ocrx_word' id='word_1_119' title='bbox 565 2062 735 2144; x_wconf 87' lang='lat' dir='ltr'>Aeschyli,</span> <span class='ocrx_word' id='word_1_120' title='bbox 760 2063 805 2125; x_wconf 93' lang='lat' dir='ltr'>sic</span> <span class='ocrx_word' id='word_1_121' title='bbox 826 2071 938 2124; x_wconf 89' lang='lat' dir='ltr'>nostro</span> <span class='ocrx_word' id='word_1_122' title='bbox 954 2060 1028 2124; x_wconf 93' lang='lat' dir='ltr'>loco</span> <span class='ocrx_word' id='word_1_123' title='bbox 1044 2061 1264 2143; x_wconf 86' lang='lat' dir='ltr'>separativam</span> <span class='ocrx_word' id='word_1_124' title='bbox 1282 2063 1349 2124; x_wconf 89' lang='lat' dir='ltr'>vim</span> 
     </span>
     <span class='ocr_line' id='line_1_16' title="bbox 171 2183 1348 2265; baseline -0.004 -16"><span class='ocrx_word' id='word_1_125' title='bbox 171 2186 281 2249; x_wconf 89' lang='lat' dir='ltr'>habet.</span> <span class='ocrx_word' id='word_1_126' title='bbox 330 2185 433 2248; x_wconf 90' lang='lat' dir='ltr'>Simul</span> <span class='ocrx_word' id='word_1_127' title='bbox 456 2194 570 2247; x_wconf 89' lang='lat' dir='ltr'>tamen</span> <span class='ocrx_word' id='word_1_128' title='bbox 594 2186 761 2246; x_wconf 90' lang='lat' dir='ltr'>notionem</span> <span class='ocrx_word' id='word_1_129' title='bbox 792 2204 812 2246; x_wconf 91' lang='lat' dir='ltr'>a</span> <span class='ocrx_word' id='word_1_130' title='bbox 843 2192 958 2246; x_wconf 88' lang='lat' dir='ltr'>recta</span> <span class='ocrx_word' id='word_1_131' title='bbox 989 2183 1067 2254; x_wconf 91' lang='lat' dir='ltr'>via,</span> <span class='ocrx_word' id='word_1_132' title='bbox 1101 2203 1186 2264; x_wconf 90' lang='lat' dir='ltr'>quae</span> <span class='ocrx_word' id='word_1_133' title='bbox 1203 2183 1348 2265; x_wconf 88' lang='lat' dir='ltr'>genitivo</span> 
     </span>
     <span class='ocr_line' id='line_1_17' title="bbox 172 2305 1088 2389; baseline -0.004 -19"><span class='ocrx_word' id='word_1_134' title='bbox 172 2305 280 2386; x_wconf 79' lang='grc' dir='ltr'><em>μοίρας</em></span> <span class='ocrx_word' id='word_1_135' title='bbox 303 2309 503 2389; x_wconf 85' lang='lat' dir='ltr'>designatur,</span> <span class='ocrx_word' id='word_1_136' title='bbox 528 2307 659 2387; x_wconf 87' lang='lat' dir='ltr'>gravius</span> <span class='ocrx_word' id='word_1_137' title='bbox 683 2305 855 2368; x_wconf 87' lang='lat' dir='ltr'>confirmat</span> <span class='ocrx_word' id='word_1_138' title='bbox 877 2305 1088 2387; x_wconf 89' lang='lat' dir='ltr'>praepositio.</span> 
     </span>
    </p>

    <p class='ocr_par' dir='ltr' id='par_1_4' title="bbox 216 2425 1348 2511">
     <span class='ocr_line' id='line_1_18' title="bbox 216 2425 1348 2511; baseline 0 -21"><span class='ocrx_word' id='word_1_139' title='bbox 216 2427 317 2511; x_wconf 86' lang='lat' dir='ltr'>Apud</span> <span class='ocrx_word' id='word_1_140' title='bbox 356 2429 436 2491; x_wconf 90' lang='lat' dir='ltr'>alios</span> <span class='ocrx_word' id='word_1_141' title='bbox 471 2425 672 2506; x_wconf 83' lang='grc' dir='ltr'><em>παροίχεοθαν</em></span> <span class='ocrx_word' id='word_1_142' title='bbox 707 2427 768 2490; x_wconf 90' lang='lat' dir='ltr'>hac</span> <span class='ocrx_word' id='word_1_143' title='bbox 802 2426 1038 2509; x_wconf 87' lang='lat' dir='ltr'>significatione</span> <span class='ocrx_word' id='word_1_144' title='bbox 1073 2427 1245 2489; x_wconf 88' lang='lat' dir='ltr'>aberrandi</span> <span class='ocrx_word' id='word_1_145' title='bbox 1281 2448 1348 2490; x_wconf 91' lang='lat' dir='ltr'>non</span> 
     </span>
    </p>
   </div>
   <div class='ocr_carea' id='block_1_3' title="bbox 171 2551 503 2613">
    <p class='ocr_par' dir='ltr' id='par_1_5' title="bbox 171 2551 503 2613">
     <span class='ocr_line' id='line_1_19' title="bbox 171 2551 503 2613; baseline 0 -1"><span class='ocrx_word' id='word_1_146' title='bbox 171 2570 342 2613; x_wconf 90' lang='lat' dir='ltr'>occurrere</span> <span class='ocrx_word' id='word_1_147' title='bbox 365 2551 503 2612; x_wconf 90' lang='lat' dir='ltr'>videtur.</span> 
     </span>
    </p>
   </div>
   <div class='ocr_carea' id='block_1_4' title="bbox 217 2740 444 2822">
    <p class='ocr_par' dir='ltr' id='par_1_6' title="bbox 217 2740 444 2822">
     <span class='ocr_line' id='line_1_20' title="bbox 217 2740 444 2822; baseline -0.004 -16"><span class='ocrx_word' id='word_1_148' title='bbox 217 2740 444 2822; x_wconf 80' lang='grc' dir='ltr'><em>παραπλοθζενν.</em></span> 
     </span>
    </p>
   </div>
   <div class='ocr_carea' id='block_1_5' title="bbox 168 2911 1346 4339">
    <p class='ocr_par' dir='ltr' id='par_1_7' title="bbox 171 2911 1346 3116">
     <span class='ocr_line' id='line_1_21' title="bbox 215 2911 1346 2996; baseline 0.005 -24"><span class='ocrx_word' id='word_1_149' title='bbox 215 2911 327 2974; x_wconf 91' lang='lat' dir='ltr'>Paullo</span> <span class='ocrx_word' id='word_1_150' title='bbox 362 2913 520 2975; x_wconf 88' lang='lat' dir='ltr'>intensius</span> <span class='ocrx_word' id='word_1_151' title='bbox 555 2932 653 2994; x_wconf 91' lang='lat' dir='ltr'>quam</span> <span class='ocrx_word' id='word_1_152' title='bbox 688 2933 881 2996; x_wconf 83' lang='lat' dir='ltr'>praegresso</span> <span class='ocrx_word' id='word_1_153' title='bbox 914 2914 1016 2977; x_wconf 90' lang='lat' dir='ltr'>verbo</span> <span class='ocrx_word' id='word_1_154' title='bbox 1052 2914 1142 2976; x_wconf 92' lang='lat' dir='ltr'>notio</span> <span class='ocrx_word' id='word_1_155' title='bbox 1173 2913 1346 2978; x_wconf 89' lang='lat' dir='ltr'>aberrandi</span> 
     </span>
     <span class='ocr_line' id='line_1_22' title="bbox 171 3030 786 3116; baseline 0.002 -20"><span class='ocrx_word' id='word_1_156' title='bbox 171 3033 362 3116; x_wconf 86' lang='lat' dir='ltr'>designatur</span> <span class='ocrx_word' id='word_1_157' title='bbox 385 3034 488 3097; x_wconf 90' lang='lat' dir='ltr'>verbo</span> <span class='ocrx_word' id='word_1_158' title='bbox 513 3030 786 3113; x_wconf 76' lang='grc' dir='ltr'><em>παραπλαζεοθαν.</em></span> 
     </span>
    </p>

    <p class='ocr_par' dir='ltr' id='par_1_8' title="bbox 169 3155 1345 3721">
     <span class='ocr_line' id='line_1_23' title="bbox 216 3155 1345 3240; baseline 0.004 -23"><span class='ocrx_word' id='word_1_159' title='bbox 216 3155 320 3236; x_wconf 91' lang='lat' dir='ltr'>Apud</span> <span class='ocrx_word' id='word_1_160' title='bbox 353 3156 536 3218; x_wconf 88' lang='lat' dir='ltr'>Homerum</span> <span class='ocrx_word' id='word_1_161' title='bbox 567 3157 710 3218; x_wconf 87' lang='lat' dir='ltr'>activum</span> <span class='ocrx_word' id='word_1_162' title='bbox 739 3177 870 3239; x_wconf 89' lang='lat' dir='ltr'>quoque</span> <span class='ocrx_word' id='word_1_163' title='bbox 897 3158 1057 3238; x_wconf 88' lang='lat' dir='ltr'>reperitur</span> <span class='ocrx_word' id='word_1_164' title='bbox 1078 3159 1212 3240; x_wconf 91' lang='lat' dir='ltr'>proprio</span> <span class='ocrx_word' id='word_1_165' title='bbox 1236 3177 1345 3231; x_wconf 83' lang='lat' dir='ltr'>sensu,</span> 
     </span>
     <span class='ocr_line' id='line_1_24' title="bbox 171 3273 1345 3360; baseline 0.003 -20"><span class='ocrx_word' id='word_1_166' title='bbox 171 3276 293 3358; x_wconf 89' lang='lat' dir='ltr'>Odyss.</span> <span class='ocrx_word' id='word_1_167' title='bbox 325 3277 382 3339; x_wconf 91' lang='lat' dir='ltr'>IX.</span> <span class='ocrx_word' id='word_1_168' title='bbox 416 3277 453 3338; x_wconf 89' lang='lat'>81</span> <span class='ocrx_word' id='word_1_169' title='bbox 490 3273 716 3355; x_wconf 75' lang='grc' dir='ltr'><em>παρέπλαγξεν</em></span> <span class='ocrx_word' id='word_1_170' title='bbox 745 3275 778 3340; x_wconf 79' lang='grc' dir='ltr'>δὲ</span> <span class='ocrx_word' id='word_1_171' title='bbox 811 3277 954 3357; x_wconf 75' lang='grc' dir='ltr'><em>Κυθήρων.</em></span> <span class='ocrx_word' id='word_1_172' title='bbox 1001 3279 1191 3342; x_wconf 86' lang='lat' dir='ltr'>Translate:</span> <span class='ocrx_word' id='word_1_173' title='bbox 1221 3279 1345 3360; x_wconf 91' lang='lat' dir='ltr'>Odyss.</span> 
     </span>
     <span class='ocr_line' id='line_1_25' title="bbox 170 3396 1345 3481; baseline 0.005 -20"><span class='ocrx_word' id='word_1_174' title='bbox 170 3399 245 3462; x_wconf 90' lang='lat' dir='ltr'>XX.</span> <span class='ocrx_word' id='word_1_175' title='bbox 272 3399 335 3479; x_wconf 86' lang='lat'>346</span> <span class='ocrx_word' id='word_1_176' title='bbox 359 3396 584 3478; x_wconf 74' lang='grc' dir='ltr'><em>παρέπλαγξεν</em></span> <span class='ocrx_word' id='word_1_177' title='bbox 607 3398 640 3462; x_wconf 76' lang='grc' dir='ltr'>δὲ</span> <span class='ocrx_word' id='word_1_178' title='bbox 664 3397 763 3476; x_wconf 79' lang='grc' dir='ltr'><em>νόημα</em></span> <span class='ocrx_word' id='word_1_179' title='bbox 782 3423 951 3464; x_wconf 82' lang='lat' dir='ltr'>—errare</span> <span class='ocrx_word' id='word_1_180' title='bbox 965 3402 1051 3481; x_wconf 81' lang='lat' dir='ltr'>fecit</span> <span class='ocrx_word' id='word_1_181' title='bbox 1068 3423 1179 3465; x_wconf 85' lang='lat' dir='ltr'>eorum</span> <span class='ocrx_word' id='word_1_182' title='bbox 1195 3413 1345 3467; x_wconf 82' lang='lat' dir='ltr'>mentem.</span> 
     </span>
     <span class='ocr_line' id='line_1_26' title="bbox 171 3519 1344 3614; baseline 0.006 -34"><span class='ocrx_word' id='word_1_183' title='bbox 171 3520 338 3582; x_wconf 90' lang='lat' dir='ltr'>Passivum</span> <span class='ocrx_word' id='word_1_184' title='bbox 361 3520 523 3583; x_wconf 89' lang='lat' dir='ltr'>habemus</span> <span class='ocrx_word' id='word_1_185' title='bbox 545 3521 626 3584; x_wconf 92' lang='lat' dir='ltr'>Iliad</span> <span class='ocrx_word' id='word_1_186' title='bbox 651 3519 725 3596; x_wconf 86' lang='lat' dir='ltr'>XV,</span> <span class='ocrx_word' id='word_1_187' title='bbox 749 3522 815 3600; x_wconf 89' lang='lat'>464</span> <span class='ocrx_word' id='word_1_188' title='bbox 831 3543 878 3604; x_wconf 86' lang='lat' dir='ltr'>sq.</span> <span class='ocrx_word' id='word_1_189' title='bbox 897 3519 1133 3603; x_wconf 70' lang='grc' dir='ltr'><em>παρεπλάγχθη</em></span> <span class='ocrx_word' id='word_1_190' title='bbox 1149 3520 1183 3586; x_wconf 76' lang='grc' dir='ltr'>δὲ</span> <span class='ocrx_word' id='word_1_191' title='bbox 1198 3523 1223 3586; x_wconf 86' lang='grc' dir='ltr'>οἱ</span> <span class='ocrx_word' id='word_1_192' title='bbox 1238 3521 1344 3614; x_wconf 57' lang='lat' dir='ltr'>alanni,</span> 
     </span>
     <span class='ocr_line' id='line_1_27' title="bbox 169 3639 737 3721; baseline 0.004 -19"><span class='ocrx_word' id='word_1_193' title='bbox 169 3639 210 3710; x_wconf 79' lang='grc' dir='ltr'>ἰὸς</span> <span class='ocrx_word' id='word_1_194' title='bbox 233 3640 448 3721; x_wconf 72' lang='grc' dir='ltr'><em>χαλκοβαρής,</em></span> <span class='ocrx_word' id='word_1_195' title='bbox 472 3642 568 3705; x_wconf 93' lang='lat' dir='ltr'>locali</span> <span class='ocrx_word' id='word_1_196' title='bbox 592 3644 737 3706; x_wconf 88' lang='lat' dir='ltr'>notione.</span> 
     </span>
    </p>

    <p class='ocr_par' dir='ltr' id='par_1_9' title="bbox 168 3760 1346 4093">
     <span class='ocr_line' id='line_1_28' title="bbox 215 3760 1346 3845; baseline 0.005 -23"><span class='ocrx_word' id='word_1_197' title='bbox 215 3760 316 3842; x_wconf 91' lang='lat' dir='ltr'>Apud</span> <span class='ocrx_word' id='word_1_198' title='bbox 340 3763 531 3845; x_wconf 90' lang='lat' dir='ltr'>Euripidem</span> <span class='ocrx_word' id='word_1_199' title='bbox 556 3784 622 3826; x_wconf 94' lang='lat' dir='ltr'>uno</span> <span class='ocrx_word' id='word_1_200' title='bbox 645 3764 719 3826; x_wconf 93' lang='lat' dir='ltr'>loco</span> <span class='ocrx_word' id='word_1_201' title='bbox 735 3772 862 3826; x_wconf 86' lang='lat' dir='ltr'>tantum</span> <span class='ocrx_word' id='word_1_202' title='bbox 877 3764 1033 3827; x_wconf 90' lang='lat' dir='ltr'>translate</span> <span class='ocrx_word' id='word_1_203' title='bbox 1050 3765 1234 3829; x_wconf 87' lang='lat' dir='ltr'>adhibitum</span> <span class='ocrx_word' id='word_1_204' title='bbox 1251 3769 1346 3830; x_wconf 87' lang='lat' dir='ltr'>adest</span> 
     </span>
     <span class='ocr_line' id='line_1_29' title="bbox 169 3880 1344 3967; baseline 0.004 -25"><span class='ocrx_word' id='word_1_205' title='bbox 169 3880 233 3943; x_wconf 93' lang='lat' dir='ltr'>hoc</span> <span class='ocrx_word' id='word_1_206' title='bbox 256 3882 392 3945; x_wconf 90' lang='lat' dir='ltr'>verbum</span> <span class='ocrx_word' id='word_1_207' title='bbox 416 3884 551 3967; x_wconf 92' lang='lat' dir='ltr'>Hippol.</span> <span class='ocrx_word' id='word_1_208' title='bbox 577 3902 643 3964; x_wconf 84' lang='lat'>240</span> <span class='ocrx_word' id='word_1_209' title='bbox 667 3890 723 3948; x_wconf 82' lang='grc' dir='ltr'>ποῖ</span> <span class='ocrx_word' id='word_1_210' title='bbox 744 3880 995 3964; x_wconf 67' lang='grc' dir='ltr'><em>παρεπλάγχθνρν</em></span> <span class='ocrx_word' id='word_1_211' title='bbox 1019 3881 1149 3962; x_wconf 77' lang='grc' dir='ltr'><em>γνώμας</em></span> <span class='ocrx_word' id='word_1_212' title='bbox 1164 3884 1289 3961; x_wconf 77' lang='grc' dir='ltr'><em>αγαθοῖς</em></span> <span class='ocrx_word' id='word_1_213' title='bbox 1303 3922 1344 3933; x_wconf 93' lang='grc'><strong>-</strong></span> 
     </span>
     <span class='ocr_line' id='line_1_30' title="bbox 168 4011 704 4093; baseline 0.007 -18"><span class='ocrx_word' id='word_1_214' title='bbox 168 4033 230 4093; x_wconf 86' lang='lat' dir='ltr'>quo</span> <span class='ocrx_word' id='word_1_215' title='bbox 253 4011 410 4075; x_wconf 76' lang='lat' dir='ltr'>oberravi</span> <span class='ocrx_word' id='word_1_216' title='bbox 429 4035 452 4076; x_wconf 87' lang='grc' dir='ltr'><em>α</em></span> <span class='ocrx_word' id='word_1_217' title='bbox 474 4035 558 4078; x_wconf 87' lang='lat' dir='ltr'>sona</span> <span class='ocrx_word' id='word_1_218' title='bbox 581 4021 704 4079; x_wconf 83' lang='lat' dir='ltr'>mente!</span> 
     </span>
    </p>

    <p class='ocr_par' dir='ltr' id='par_1_10' title="bbox 168 4132 1344 4339">
     <span class='ocr_line' id='line_1_31' title="bbox 213 4132 1344 4216; baseline 0.004 -20"><span class='ocrx_word' id='word_1_219' title='bbox 213 4132 395 4216; x_wconf 88' lang='lat' dir='ltr'>Scriptores</span> <span class='ocrx_word' id='word_1_220' title='bbox 418 4134 544 4199; x_wconf 89' lang='lat' dir='ltr'>solutae</span> <span class='ocrx_word' id='word_1_221' title='bbox 568 4139 724 4200; x_wconf 91' lang='lat' dir='ltr'>orationis</span> <span class='ocrx_word' id='word_1_222' title='bbox 748 4137 850 4200; x_wconf 91' lang='lat' dir='ltr'>verbo</span> <span class='ocrx_word' id='word_1_223' title='bbox 869 4133 1087 4215; x_wconf 78' lang='grc' dir='ltr'><em>παραπλαζενν</em></span> <span class='ocrx_word' id='word_1_224' title='bbox 1106 4156 1173 4199; x_wconf 89' lang='lat' dir='ltr'>non</span> <span class='ocrx_word' id='word_1_225' title='bbox 1190 4146 1266 4200; x_wconf 91' lang='lat' dir='ltr'>sunt</span> <span class='ocrx_word' id='word_1_226' title='bbox 1282 4138 1344 4211; x_wconf 88' lang='lat' dir='ltr'>usi,</span> 
     </span>
     <span class='ocr_line' id='line_1_32' title="bbox 168 4255 772 4339; baseline 0.002 -20"><span class='ocrx_word' id='word_1_227' title='bbox 168 4256 405 4320; x_wconf 89' lang='lat' dir='ltr'>recentioribus</span> <span class='ocrx_word' id='word_1_228' title='bbox 429 4255 591 4320; x_wconf 90' lang='lat' dir='ltr'>nonnullis</span> <span class='ocrx_word' id='word_1_229' title='bbox 615 4259 772 4339; x_wconf 88' lang='lat' dir='ltr'>exceptis.</span> 
     </span>
    </p>
   </div>
   <div class='ocr_carea' id='block_1_6' title="bbox 0 0 1524 4808">
    <p class='ocr_par' dir='ltr' id='par_1_11' title="bbox 0 0 1524 4808">
     <span class='ocr_line' id='line_1_33' title="bbox 0 0 1524 4808; baseline 0 1"><span class='ocrx_word' id='word_1_230' title='bbox 0 0 1524 4808; x_wconf 95' lang='lat' dir='ltr'> </span> 
     </span>
    </p>
   </div>
  </div>
 </body>
</html>
