3038 4808
213 315 257 380 42
660 297 933 380 παραλαμβάνειν.

213 485 242 551 δ’
277 481 378 550 ἔτικτε
409 482 551 574 παῖρ))τὸ
583 483 696 566 σπέρμ’
727 483 838 567 οίροοροι
868 484 1086 568 παραλαβοῦσ’
1113 482 1211 550 ίίλλον
1235 482 1322 567 τοίρα
1345 522 1389 534 -

205 618 307 691 pater
329 608 461 692 quedem
480 609 598 692 genuit
612 630 672 684 me,
688 618 748 672 tua
762 629 839 672 vero
847 610 979 691 peperit
984 609 1076 693 filia,
1092 629 1201 673 semen
1215 619 1392 692 tamquam

212 750 294 813 ager
315 730 472 811 accipiens
495 730 536 794 ab
560 730 636 793 alio.
660 728 736 810 Quo
760 730 835 794 loco
860 731 954 794 iterat
976 730 1255 813 praepositionem
1278 738 1390 793 noster

211 868 272 913 suo
303 848 371 913 sere
402 871 505 914 more.
545 850 641 925 Nam,
673 851 719 914 ita
750 851 791 914 de
815 851 936 914 haere
960 849 1203 914 Mommsenus:
1232 850 1296 915 Um
1319 851 1391 915 sicle

212 993 275 1035 οιοα
298 972 358 1035 der
378 971 674 1053 stockprosai'sclten
696 973 812 1037 Natur
832 972 1019 1055 terartzgrer
1036 971 1226 1037 Structuren
1239 994 1282 1037 αα
1299 972 1391 1036 ie‘ber·

210 1114 342 1177 zeugen,
367 1092 505 1157 trauctt
525 1115 604 1158 man
626 1115 692 1157 nur
708 1094 801 1158 et'eren
816 1093 911 1158 Blick
926 1093 979 1157 ins
998 1092 1123 1175 Corpus
1137 1092 1391 1175 Immittionum

211 1235 253 1279 αα
283 1217 426 1296 werfen;
455 1216 509 1279 die
539 1235 582 1299 ρο
613 1215 704 1279 tituli
730 1217 791 1280 der
811 1215 981 1279 Atteicleen
1003 1214 1200 1296 Insclm'ften
1221 1214 1390 1279 enthalten

212 1347 308 1400 uerter
322 1356 391 1418 300
415 1337 683 1419 Praepositz’onen
706 1357 748 1402 12
763 1337 889 1403 sotter
913 1337 1170 1421 Verbindungen.
1203 1338 1302 1402 Wenn
1317 1339 1390 1402 also

210 1457 390 1539 Euripides
418 1458 497 1521 iiber
526 1477 590 1522 100
621 1456 745 1521 solcleer
773 1458 957 1541 Fz'tgrengen
989 1456 1060 1531 hat,
1089 1457 1208 1538 detrfen
1230 1457 1297 1521 wir
1317 1457 1389 1522 dees

210 1578 304 1643 wohl
321 1580 374 1642 als
396 1579 448 1642 ein
467 1579 674 1661 prosaticlees
695 1579 847 1643 Element
868 1577 974 1641 seines
988 1577 1071 1642 Stils
1085 1576 1280 1641 betracleten.
1305 1577 1389 1660 (Bei-

209 1708 302 1787 triige
339 1723 377 1765 zu
417 1702 476 1765 der
514 1702 620 1765 Lehre
659 1721 725 1765 von
760 1701 826 1765 den
862 1699 1094 1764 Griechischen
1129 1699 1386 1782 Pripositionen

208 1823 335 1887 Excurs
359 1823 401 1886 Il.
425 1845 457 1906 p.
484 1825 570 1906 763).

252 1947 321 2010 lam
345 1967 445 2030 supra
467 1947 501 2009 in
522 1947 642 2010 eodem
658 1946 742 2010 libro
758 1945 982 2008 Mommsenus
998 1945 1085 2008 hanc
1101 1965 1171 2008 rem
1187 1964 1387 2008 commemo

208 2071 293 2133 ravit
316 2069 368 2152 (cf.
393 2091 425 2152 p.
451 2070 515 2151 79),
540 2069 596 2131 ubi
612 2067 768 2131 indicavit
782 2067 922 2132 εἰσελθεῖν
938 2067 987 2140 είς,
1003 2067 1107 2131 ἐνεῖναι
1123 2067 1161 2144 ε’ν,
1179 2064 1388 2147 προσβλέπειν

210 2188 284 2270 τρίς
306 2199 373 2253 tam
397 2189 587 2271 frequenter
609 2189 697 2270 apud
721 2197 869 2252 nostrum
885 2207 1065 2252 occurrere.
1089 2188 1126 2250 In
1142 2189 1387 2271 praepositione

209 2308 294 2391 παροί
319 2319 430 2374 autem
454 2311 517 2374 hoc
541 2331 606 2373 uno
630 2310 705 2374 loco
728 2309 848 2393 (Orest.
877 2323 891 2390 5
899 2310 951 2393 53)
968 2310 1173 2373 iterationem
1189 2309 1278 2392 apud
1294 2308 1388 2372 Euri·

207 2433 321 2515 pidem
356 2434 475 2495 inveni.
522 2431 659 2495 Addere
693 2441 806 2496 tamen
840 2451 1017 2514 possumus
1052 2451 1080 2494 e.
1094 2453 1126 2514 g.
1163 2429 1305 2511 έφέρπειν
1335 2427 1390 2494 έπί
1459 2512 1462 2517 Δ

208 2553 345 2639 (Alcest.
372 2553 448 2636 269)
464 2548 580 2632 ἐφιέναι
597 2552 652 2617 ἐπί
665 2553 797 2637 (Medea
813 2553 889 2637 632)
905 2550 1079 2634 ἐπιβρέμειν
1096 2549 1149 2616 ε’πί
1161 2552 1291 2634 (Bacch.
1313 2559 1386 2641 151)

189 2673 359 2752 «ἐκβαίνειν
392 2675 424 2738 ἐκ
456 2676 587 2758 (Troad.
621 2676 698 2759 706)
720 2675 870 2739 οίποσποῖν
894 2672 959 2740 οίπί
981 2674 1114 2758 (Troad.
1138 2675 1215 2756 612)
1238 2671 1387 2755 οίφέλιιειν

206 2792 273 2859 aiud
295 2795 447 2878 (Hecuba
475 2799 546 2879 144)
571 2793 738 2877 ε’77ροίφειν
762 2795 791 2859 ἐν
815 2795 943 2879 (Suppl.
972 2797 1067 2880 1202)
1091 2792 1294 2876 προσπίπτειν
1311 2791 1387 2874 πρός

207 2917 318 2999 (Herc.
352 2917 426 2980 Fur.
460 2920 513 2999 79(
547 2917 722 2999 προσφέρειν
751 2917 825 2998 πρός
848 2918 951 3001 (Cycl.
982 2917 1053 3000 176)
1076 2913 1274 2996 οίμφιτιίέναι
1296 2913 1392 2996 οἰμφί

207 3038 290 3121 (Iph.
315 3037 393 3102 Aul.
422 3053 458 3120 15
465 3041 517 3122 31)
540 3037 717 3119 οίμπίσχειν
741 3035 830 3118 οὶμφί
853 3039 934 3121 (Iph.
956 3038 1035 3102 Aul.
1057 3038 1154 3122 1438)
1170 3036 1318 3116 διαπεροῖν
1334 3033 1388 3100 διοί

207 3159 377 3241 (Androm.
415 3161 509 3244 1248)
539 3159 711 3225 ἀντιτείνειν
741 3158 814 3223 οίντί
844 3160 974 3243 (Medea
1005 3159 1081 3242 891)
1112 3155 1305 3237 συμφεύγειν
1333 3155 1387 3220 σιίν

207 3281 350 3363 (Heracl.
377 3281 439 3365 26).

250 3404 512 3486 Praepositiones
543 3400 613 3478 οὶνοί,
644 3399 740 3477 κατοί,
773 3399 868 3480 μετοί,
902 3401 976 3483 περί,
1010 3399 1076 3482 πρέ,
1101 3399 1172 3476 ὑπό,
1196 3398 1270 3481 ὑπέρ
1294 3401 1386 3484 apud

206 3524 397 3606 Euripidem
422 3546 488 3588 non
511 3526 678 3589 iterantur.

252 3644 438 3740 Redeamus
461 3647 504 3709 ad
527 3647 665 3710 verbum
687 3643 958 3726 παραλαμβοίνειν,
975 3646 1036 3709 lon
1053 3646 1118 3724 814
1133 3664 1203 3726 sqq.
1220 3640 1273 3707 καὶ
1290 3641 1387 3720 δῶμα

205 3763 258 3828 καί
291 3765 343 3838 σὴν
375 3766 570 3846 παραλαβὼν
603 3763 931 3855 παγκληρίαν))οίλλνρ
964 3765 1104 3843 γυναικὸς
1134 3764 1258 3838 παῖδας
1281 3763 1388 3846 ἔκκαρ·

207 3882 484 3974 τούμενοι))λοίίρρι
517 3890 649 3967 πέφηνεν
682 3926 725 3938 -
757 3890 829 3952 licet
850 3889 981 3952 domum
1003 3898 1036 3951 et
1057 3899 1149 3951 tuam
1171 3886 1387 3950 hereditatem

206 4008 384 4089 accepisset,
409 4030 450 4071 ex
464 4010 535 4072 alia
552 4011 687 4074 muliere
695 4009 920 4094 puerosjclam
929 4021 1107 4090 procreans
1120 4005 1385 4088 deprehendetur.

207 4125 282 4188 Hoc
305 4125 381 4187 loco
403 4127 580 4209 praecipue
596 4129 757 4210 cogitatur
773 4129 815 4190 de
832 4148 974 4209 persona
990 4148 1010 4189 a
1027 4147 1091 4208 qua
1108 4126 1237 4190 Xuthus
1253 4130 1388 4212 accepit

205 4246 434 4310 hereditatem.
461 4248 534 4311 Hoc
559 4249 646 4311 enim
668 4249 886 4331 paedagogus
908 4248 1020 4311 Xutho
1045 4249 1215 4330 exprobat,
1232 4251 1324 4332 quod
1341 4270 1387 4316 ex
