3038 4808
675 298 820 382 παριέναι.
1295 302 1339 381 69

208 490 405 572 Incipiamus
435 506 456 552 a
486 487 560 552 loco
591 489 624 551 in
651 487 762 552 sabula
783 486 961 563 Troadum,
986 507 1033 550 vs.
1057 487 1120 568 693
1147 487 1202 550 ubi
1226 486 1333 551 adhuc

162 611 313 696 perlucet
351 617 460 673 motus
498 610 600 675 verbo
636 629 828 692 expressus:
865 615 1014 688 παρεῖσαν
1047 607 1162 681 αὐτοὺς
1191 605 1339 685 κυμυίπων

164 731 365 814 δραμήμασιν
388 767 432 782 -
446 732 645 813 permittunt
664 753 700 795 se
711 731 877 813 fluctuum
896 731 1051 795 cursibus.
1098 729 1221 794 Sensus
1237 730 1342 814 negli-

164 857 297 940 gentiae
324 854 377 918 hic
408 873 541 935 quoque
576 855 680 917 adest.
726 853 858 916 Prorsus
890 853 1045 917 translate
1075 854 1109 916 in
1135 854 1253 917 eadem
1278 862 1340 916 tra·

164 976 285 1061 goedia
311 996 359 1039 vs.
392 973 455 1055 655
480 995 529 1058 sq.
553 972 609 1054 idn
633 973 660 1037 δ’
681 973 746 1052 ciui
769 982 847 1055 χρῆν
870 975 953 1039 νικᾶν
977 971 1177 1063 πίσινίίκείνῳ
1201 997 1237 1038 πε
1260 973 1340 1048 νίκνν

163 1093 201 1161 ὦν
237 1096 332 1178 ἐχρῆν
365 1095 502 1176 παριέναι
535 1133 576 1142 -
607 1118 722 1160 norom
752 1108 860 1161 autem
891 1096 927 1159 in
957 1097 1073 1178 quibus
1102 1117 1155 1159 me
1180 1106 1343 1178 oporteret

162 1219 289 1283 vincere
309 1219 468 1282 moritum
491 1228 523 1282 et
536 1239 675 1301 quorum
690 1218 744 1281 illi
755 1217 960 1282 convenirent
973 1218 1144 1282 victorium
1157 1219 1336 1281 concedere.

162 1340 219 1414 σίρν
242 1337 323 1414 νίκκν
345 1339 397 1402 ε’ἶιν
421 1341 558 1404 adnotat
580 1338 771 1404 scholiastes
793 1341 814 1403 i.
827 1361 856 1403 e.
882 1341 1016 1402 missam
1040 1339 1147 1403 facere
1167 1340 1338 1403 victoriam

163 1484 184 1527 a
213 1482 268 1526 me
297 1463 341 1526 ad
372 1464 533 1526 maritum.
579 1463 746 1526 Phoeniss.
780 1476 840 1543 523
875 1463 912 1532 oio
943 1462 975 1524 οὐ
1007 1460 1133 1540 παρήσω
1161 1459 1239 1540 cpia
1263 1459 1339 1537 ἐμὴν

163 1581 328 1664 τυραννίδα
342 1585 514 1669 -quippe
532 1605 595 1649 uon
609 1586 776 1649 concedam
791 1583 868 1648 huic
882 1605 990 1647 meum
1002 1583 1184 1666 imperium.
1210 1582 1342 1646 Alcest.

162 1705 231 1788 634
260 1726 309 1788 sq.
341 1705 515 1769 infinitivus
546 1707 666 1770 obiecti
694 1707 766 1770 vice
797 1706 960 1788 fungitur:
994 1704 1031 1769 σὺ
1056 1704 1083 1768 δ’
1104 1702 1240 1768 ἐκποδὼν
1264 1700 1342 1773 στας

164 1825 217 1891 καί
243 1825 349 1907 παρεὶς
371 1823 458 1906 ἄλλῳ
483 1824 661 1915 ίανεῖνίίνέιρ
684 1827 777 1907 pepo
801 1825 847 1901 ὤν,
870 1825 952 1890 τόνδ’
976 1824 1164 1905 απυιμιίζεις
1187 1823 1342 1904 νεκρίν-

164 1962 200 2014 tu
230 1971 307 2015 vero
329 1951 449 2032 procul
470 1961 563 2015 stans
591 1962 624 2014 et
652 1951 757 2016 olium
779 1950 867 2014 mori
886 1950 996 2014 sinens
1018 1950 1178 2013 iuniorem
1200 1970 1271 2012 curu
1293 1949 1342 2012 sis

162 2093 272 2147 senen,
296 2073 396 2155 defles
418 2072 504 2136 lianc
524 2082 691 2136 mortuam.

210 2194 408 2277 Saepissime
439 2208 529 2257 curn
560 2193 782 2257 infinitivo
813 2194 1083 2276 explicativo
1112 2193 1166 2257 vel
1182 2192 1280 2269 finali,
1296 2195 1338 2258 de

163 2317 323 2400 quoiam
348 2317 392 2378 ad
416 2310 564 2395 παρέχειν
579 2316 718 2398 egimus,
734 2317 949 2398 coniungitur.
995 2315 1162 2379 Phoeniss.
1182 2331 1244 2397 512
1261 2336 1333 2398 sqq.

165 2443 237 2509 ταῖς
259 2435 320 2517 ylo
344 2433 382 2501 io
404 2435 526 2513 Θήβαις
548 2434 757 2524 πυῒείΙχὲνυικ
782 2433 887 2507 iunior
902 2437 926 2499 εί
943 2435 1115 2511 Μυκηναίου
1129 2434 1334 2525 δυρὸςίίφίβῳ

165 2557 289 2641 παρείην
321 2566 465 2638 σκῆπτρα
496 2557 588 2634 σαρκία
617 2557 695 2639 τῷδε
725 2555 875 2639 ἔχειν-
905 2559 1024 2623 Thebis
1048 2559 1135 2623 enirn
1158 2559 1219 2623 hoc
1230 2560 1343 2641 fuerit

157 2681 331 2764 probrum,
364 2681 397 2743 si
423 2679 619 2762 Mycenaeae
647 2680 764 2744 hastae
789 2692 876 2745 metu
899 2681 1094 2744 tradiderim
1116 2692 1242 2763 sceptro
1266 2702 1338 2744 meo

163 2798 240 2862 huic
263 2797 412 2862 tenenda.
459 2797 543 2860 Item
567 2797 687 2861 Medea
714 2797 798 2861 1060
820 2819 868 2881 sq.
893 2793 973 2868 ὅπως
994 2797 1111 2879 ε’χίρυῑς
1125 2795 1338 2885 ἕχὼΙΙπαῖδας

164 2913 292 2994 παρήσω
322 2911 394 2984 τοὺς
423 2911 515 2990 ἐμοὺς
543 2912 724 2994 καθυβρίσαι
746 2951 790 2964 -
815 2915 971 2996 quomodo
997 2915 1149 2979 inimicus
1171 2936 1230 2998 ego
1244 2914 1338 2998 filios

163 3037 297 3102 tradam
326 3057 414 3100 meos
441 3037 632 3100 contumelia
661 3037 853 3120 afficiendos.
899 3037 936 3099 ln
958 3039 1075 3100 eadem
1097 3036 1208 3100 fabula
1228 3035 1340 3120 paullo

163 3157 247 3222 infra
277 3179 324 3222 vs.
361 3171 444 3239 1377
476 3154 574 3236 ίαίψαι
600 3156 717 3240 νεκρούς
739 3181 790 3236 μοι
813 3156 922 3223 τούσδε
944 3157 997 3222 καὶ
1021 3162 1154 3223 κλαῦσαι
1179 3153 1274 3237 erupit
1296 3194 1340 3204 -

162 3279 298 3361 sepelire
319 3289 463 3344 mortuos
485 3279 573 3343 milii
591 3279 650 3343 lios
672 3290 705 3343 et
724 3281 835 3363 lugere
850 3280 1016 3363 permitte.

210 3400 343 3465 Hercul.
367 3402 442 3465 Fur.
468 3418 533 3482 329
555 3398 669 3478 κίσραυν
692 3400 786 3482 πνίρες
809 3425 860 3480 μοι
884 3400 974 3466 παισί
991 3404 1157 3482 προσθεῖναι
1173 3405 1276 3480 νεκρῶν
1290 3437 1332 3449 -

155 3525 312 3605 permitte
333 3523 421 3587 mihi
440 3533 477 3588 ut
490 3523 606 3587 liberis
620 3534 772 3588 ornatum
787 3526 910 3589 addam
926 3535 1140 3591 mortuorum.
1186 3523 1337 3587 Cobetus

163 3643 331 3725 προσθεῖναι
354 3652 458 3708 mutat
481 3646 514 3707 in
530 3646 696 3725 περιθεῖναι,
713 3645 757 3709 ob
773 3647 936 3729 ingratam
951 3647 1168 3718 iterationem,
1181 3646 1338 3728 suspicor,

162 3785 212 3830 vs.
241 3781 305 3847 327
337 3767 425 3828 enim
455 3765 593 3850 legimus
624 3763 731 3847 χυίριπι
762 3767 928 3848 προσθεῖναι
960 3765 1060 3847 χάριν.
1108 3767 1197 3832 Nihil
1224 3776 1337 3831 tamen

162 3895 257 3951 curat
274 3886 448 3970 Euripides
464 3889 602 3952 verbum
618 3890 787 3971 quoddam
803 3889 974 3971 aliquoties
990 3889 1143 3954 brevibus
1158 3890 1337 3954 intervallis

163 4007 324 4085 adhiberi,
340 4008 382 4072 cf.
399 4009 520 4080 Troad,
540 4011 695 4089 650-69
699 4024 714 4091 5
729 4010 784 4074 ubi
797 4020 911 4093 quater
922 4032 998 4075 usus
1010 4020 1060 4075 est
1072 4013 1175 4076 verbo
1188 4011 1336 4091 παριέναι.

163 4128 320 4193 Ceterum
363 4128 531 4208 προσθεῖναι
572 4132 615 4194 de
657 4140 773 4194 ornatu
816 4133 1016 4215 apponendo
1060 4134 1177 4197 iterum
1220 4131 1339 4214 legitur
1430 4105 1432 4111 Ι

163 4249 337 4334 Hippolyt.
360 4251 437 4332 630.
