3038 4808
683 293 847 369 παραινεῖν.
1307 303 1356 369 79

171 474 248 540 loco
270 475 498 558 Thucydideo,
521 475 546 538 1.
570 492 612 556 92
637 471 689 538 έπῖ
713 471 838 550 γνώμας
861 471 1033 554 παραινέσει
1053 473 1096 553 τῷ
1121 472 1208 555 δήμῳ
1234 511 1273 522 -
1292 495 1351 538 um

172 599 247 663 dem
278 598 378 664 Volke
399 597 470 661 eine
484 598 650 680 Meinung
661 595 876 671 anzurathen,
892 603 929 658 ut
943 605 1032 660 recte
1048 597 1146 660 vertit
1161 594 1349 661 Classenus.

173 721 302 784 Eadem
338 728 388 784 est
421 720 471 784 vis
504 718 755 803 praepositionis
788 718 822 782 in
855 716 919 780 hoc
950 717 1155 781 substantivo
1186 726 1285 799 atque
1315 718 1354 781 in.

173 842 358 925 composito
383 846 548 921 παραινεῖν.

217 964 394 1047 Euripides
417 964 604 1046 frequenter
627 961 691 1025 hoc
714 962 816 1025 verbo
840 981 917 1024 usus
941 970 1008 1025 est:

222 1104 249 1149 1.
296 1085 514 1149 Absolute
544 1092 718 1166 usurpatur
747 1084 933 1166 praeditum
963 1084 1099 1147 notione
1129 1084 1334 1147 monendi

173 1207 299 1272 Alcest.
328 1207 411 1286 1078
435 1207 503 1285 ῥρῖσν
526 1208 680 1283 παραινεῖν
704 1202 721 1276 ἢ
745 1200 885 1266 παθόντα
903 1207 1056 1283 καρτερεῖν
1078 1239 1123 1250 -
1136 1202 1279 1285 facilius
1301 1213 1352 1265 est

172 1349 302 1392 monere
323 1347 425 1411 quom
447 1327 605 1390 dolentem
627 1325 796 1389 sustinere.
842 1325 941 1388 Rhes.
965 1341 1029 1406 339
1045 1322 1082 1389 σθ
1098 1323 1128 1388 τ’
1145 1317 1177 1388 εὖ
1194 1329 1352 1404 παραινεῖς

172 1448 226 1513 καῖ
261 1447 298 1512 σὺ
333 1446 451 1528 καιρίας
478 1453 601 1520 σκοπεῖς
616 1483 660 1497 -
679 1457 713 1510 tu
736 1458 818 1511 recte
840 1468 950 1510 mones
972 1457 1004 1511 et
1024 1457 1060 1511 tu
1082 1457 1256 1529 opportune
1278 1469 1349 1511 rem

171 1572 366 1636 consideras.

219 1713 249 1756 2.
296 1693 396 1757 Cum
428 1692 578 1756 dativo
608 1713 821 1774 personae
853 1692 1351 1774 eodemsensuapudnostrum

171 1818 266 1881 adest
296 1816 432 1880 Hercul.
456 1816 532 1878 Fur.
558 1817 622 1896 847
646 1836 695 1899 sq.
721 1814 901 1894 παραινέσαι
924 1812 967 1888 δὲ,
991 1813 1058 1895 πρὶν
1082 1818 1259 1895 σφαλεῖσαν
1282 1815 1350 1880 rior-

173 1934 346 2025 ieiullfflpu
375 1934 447 2000 θέλω
474 1934 522 2000 ool
542 1937 583 2011 τ’,
609 1934 642 2011 ἢν
666 1935 780 2011 πίθησθ’
805 1937 889 2014 έμσῖς
912 1934 1014 2012 λέγοις
1030 1973 1071 1983 -
1087 1937 1149 2000 sed
1160 1937 1352 2012 admonere,

172 2070 349 2142 antequam
379 2069 543 2122 errantem
573 2069 604 2122 te
629 2058 761 2122 videam
784 2059 939 2123 Iunonem
961 2067 1054 2140 teque
1075 2059 1157 2134 volo,
1180 2058 1214 2121 si
1233 2059 1349 2121 obtem·

164 2181 291 2263 peretis
320 2181 402 2245 meis
432 2180 550 2244 verbis.
597 2179 741 2262 Cyclops
770 2197 832 2261 313
855 2178 1035 2260 παραινέσαι
1058 2202 1102 2243 σοι
1125 2176 1280 2258 βούλομαι
1302 2215 1352 2225 —-

171 2324 299 2367 monere
321 2312 352 2366 te
373 2302 454 2365 volo.

219 2442 249 2505 3.
295 2423 563 2507 Adiungitur
597 2425 876 2488 accusativus
910 2425 989 2488 rei:
1025 2424 1162 2507 Hippoi.
1199 2438 1263 2505 707
1298 2444 1347 2506 sq.

170 2544 224 2609 καῖ
247 2544 291 2610 roi
313 2543 381 2626 nplu
404 2545 464 2625 γὰρ
489 2546 520 2609 οὐ
542 2543 851 2634 καλῶςθθπαρθνεσσές
874 2568 925 2623 μοι
948 2582 992 2594 —-
1015 2567 1093 2610 nam
1109 2556 1142 2609 et
1147 2547 1268 2627 priora
1283 2566 1348 2608 non

169 2678 253 2732 recte
285 2667 488 2732 admonuisti
518 2689 578 2731 me.
633 2667 798 2731 Phoeniss.
834 2668 901 2746 460
933 2665 1114 2748 παραινέσαι
1146 2665 1179 2731 δέ
1204 2665 1290 2748 σφῷν
1317 2688 1350 2730 τι

172 2787 328 2867 βούλομαι
359 2786 452 2871 σοφόν
480 2827 521 2838 -
546 2791 720 2853 admonere
747 2811 824 2852 vero
853 2811 912 2852 vos
941 2789 1076 2872 aliquid
1100 2789 1233 2870 sapiens
1263 2789 1345 2852 volo.

215 2929 248 2990 4.
295 2910 496 2994 Saepissime
530 2910 778 2974 infinitivus
813 2911 978 2974 obiecti
1009 2912 1103 2974 vice
1133 2910 1346 2993 fungitur3

170 3033 343 3097 transitum
366 3035 409 3097 ad
432 3033 519 3095 hunc
534 3052 629 3095 usum
644 3031 804 3094 habemus
820 3031 985 3094 Heraclid.
1006 3034 1089 3095 1018
1105 3053 1153 3114 sq.
1168 3029 1347 3111 παραινέσαι

172 3176 217 3218 σοι
247 3152 381 3234 σμικρόν,
415 3153 586 3231 Ἀλκμήνη,
619 3150 775 3242 θέλαΗτθν
806 3149 887 3234 ἄνδρ’
916 3154 1041 3235 σῖφεῖναι
1068 3151 1148 3217 τόνδ’
1173 3152 1240 3217 έπεῖ
1266 3151 1353 3217 δοκεῖ

171 3272 261 3339 πθιιει
294 3313 333 3323 -
366 3287 396 3340 te
421 3286 612 3359 parumper,
643 3297 661 3338 o
692 3276 857 3350 Alcmena,
889 3276 1063 3341 admonere
1093 3275 1346 3352 volantium

170 3399 280 3462 virum
311 3398 470 3474 dimittas,
501 3399 633 3482 quando
661 3399 791 3463 civitati
813 3398 874 3463 hoc
893 3399 1011 3480 placet.
1058 3397 1231 3480 Hippolyt.
1260 3415 1320 3477 143
1326 3412 1341 3479 5

170 3518 224 3584 uui
255 3518 300 3583 ool
330 3522 464 3597 παραινῶ
486 3516 610 3598 πατέρα
635 3518 679 3597 μὴ
705 3524 828 3596 στυγεῖν
852 3518 931 3583 σέθεν
954 3556 999 3567 -
1022 3530 1054 3583 et
1074 3529 1104 3583 te
1126 3499 1291 3584 adhortor‘
1305 3542 1347 3584 ne

170 3641 242 3704 odio
250 3642 466 3724 prosequaris
480 3651 573 3705 tuum
581 3651 725 3723 patrem.
750 3644 882 3706 Hercul.
899 3645 975 3706 Fur.
994 3645 1058 3723 854
1074 3639 1146 3707 ὥστ’
1164 3643 1195 3707 σύ
1209 3646 1344 3724 παραινῶ

170 3760 303 3840 μεγαλα
333 3760 497 3840 βούλεσθαι
527 3760 611 3826 κακέ
634 3801 678 3812 -
701 3786 776 3848 ergo
806 3765 869 3828 tibi
892 3766 1024 3842 suadeo,
1042 3765 1168 3849 gravia
1191 3766 1282 3830 malo
1305 3788 1346 3830 ne

168 3887 289 3969 cupias.
338 3885 477 3950 Codices
506 3884 631 3950 habent
657 3884 704 3949 ool
731 3885 772 3961 τ’,
805 3907 905 3969 quarn
936 3887 1111 3950 lectionem
1135 3887 1344 3971 Musgravius

169 4009 308 4071 mutavit
337 4009 371 4071 in
401 4004 484 4071 ὥστ’.
532 4008 633 4071 Miror
662 4009 753 4090 quod
784 4030 849 4072 non
881 4019 1013 4073 secutus
1043 4011 1084 4075 sit
1115 4011 1343 4095 Musgravium

169 4128 446 4204 Wilamowitzius,
480 4148 556 4193 cum
589 4129 742 4193 adnotet:
774 4131 867 4195 Dass
895 4152 956 4195 oor
983 4131 1104 4197 dasem
1135 4153 1227 4196 verse
1256 4133 1349 4195 einer

168 4251 374 4333 ausgefallen
397 4252 449 4327 ist,
472 4252 560 4335 aeigt
580 4250 669 4315 nicht
690 4272 755 4316 nur
775 4253 839 4318 das
852 4253 1116 4337 beaieituugslose
1136 4275 1181 4327 τε,
1204 4254 1346 4316 sondern
