3038 4808
607 304 823 386 παρασπίζειν,

178 538 394 622 παρασπίζειν.

175 746 325 810 Verbum
358 742 563 826 παρασπίζειν
594 757 644 810 ter
675 747 763 829 apud
797 756 944 809 nostrum
975 747 1109 829 legitur3
1135 757 1211 810 ante
1236 769 1313 810 eum

127 889 230 932 nemo
260 868 325 931 hoc
356 869 493 931 verbum
525 869 732 950 usurpavisse
765 869 903 943 videtur,
934 878 1052 948 postea
1076 870 1164 950 apud
1190 868 1316 930 Plutar-

130 988 230 1052 chum
254 989 379 1072 (Pelop.
401 992 452 1071 18)
475 989 621 1071 aliosque
638 990 807 1071 reperitur.
854 989 1038 1052 Verisimile
1052 999 1102 1052 est
1118 989 1313 1071 Euripidem

129 1113 297 1176 derivasse
335 1113 474 1174 verbum
513 1132 534 1173 a
572 1111 778 1174 substantivo
819 1110 1048 1190 παρασπίστνς,
1083 1112 1173 1193 quod
1209 1111 1315 1173 semel

130 1234 312 1316 iterumque
336 1234 426 1315 apud
450 1253 524 1295 eum
549 1234 733 1295 invenimus
758 1210 940 1310 (Phoeniss.
970 1248 1063 1313 1172.
1088 1233 1220 1296 Electra
1245 1232 1313 1296 886

130 1354 221 1436 Cycl.
253 1355 297 1438 6.)
329 1353 384 1417 Sic
416 1350 603 1460 ὑπασπίζειν
635 1354 812 1436 (Heraclid.
846 1355 921 1435 217)
945 1375 964 1415 a
987 1355 1191 1446 substantivo
1215 1354 1315 1416 ὑπασ·

131 1474 243 1549 πίστνς
273 1474 435 1540 formavit.
468 1474 677 1558 Quamquam
705 1476 847 1558 simplex
870 1473 1010 1563 οίσπίζειν
1035 1478 1161 1558 „clypeo
1184 1476 1314 1559 tegere*

129 1573 161 1658 in
199 1597 367 1660 veteribus
405 1596 519 1659 lexicis
559 1597 708 1670 occurrit,
752 1593 956 1677 παρασπίζειν
994 1606 1108 1660 tamen
1142 1617 1313 1678 nunquam

129 1728 305 1801 usurpatur
335 1720 474 1781 notione
506 1719 611 1800 clypea
643 1740 664 1781 a
693 1720 795 1781 latere
818 1720 954 1802 tegendi,
979 1719 1038 1781 sed
1061 1738 1194 1799 semper
1217 1719 1313 1800 signi-

129 1839 207 1903 ficat
239 1838 482 1919 „iraparnr'arnu
512 1840 601 1902 esse''
626 1841 645 1902 i.
671 1861 700 1902 e.
723 1840 842 1903 socium
866 1861 943 1903 esse.
992 1838 1045 1902 Sic
1069 1834 1236 1916 ὑπασπίζο
1260 1849 1314 1902 est

129 1961 331 2035 ὑπασπίστνς
353 1959 423 2039 εἰμι’.

175 2084 234 2146 Ion
269 2084 351 2163 1528
384 2103 456 2165 sqq.
490 2082 538 2159 μοὶ
570 2083 625 2156 τίρν
656 2080 912 2161 παρασπίζουσαν
943 2077 1077 2161 ίίρμασίν
1109 2079 1311 2170 ποτείΙΝίανν

131 2203 265 2268 ’Λίοίναν
299 2202 367 2277 Ζηνί
403 2209 541 2280 γηγενεῖς
577 2201 719 2290 ἔπι,ίίούκ
754 2201 834 2267 ἔστιν
870 2201 949 2274 οὔτις
981 2226 1025 2268 σοι
1057 2204 1161 2283 πατίρρ
1192 2204 1313 2277 ίνντῶν,

130 2327 232 2391 τέκνον
264 2362 309 2374 --
340 2348 403 2389 non
418 2337 484 2408 per
505 2349 577 2389 eane
603 2349 687 2408 quae
710 2328 873 2409 quandam
897 2348 995 2405 curra
1018 2337 1107 2406 vecta
1130 2326 1216 2389 sacia
1239 2325 1313 2388 Iovi

131 2450 252 2530 adfuit,
285 2448 461 2513 Victoriam
485 2449 688 2521 Minervam,
713 2450 874 2512 adversus
894 2423 1085 2529 terrigenas,
1103 2449 1213 2510 nullus
1228 2469 1310 2510 mer·

130 2571 248 2636 talium
272 2581 322 2634 est
342 2571 404 2633 tibi
418 2581 527 2650 pater,
551 2570 651 2653 ofili.
678 2570 754 2633 Non
778 2568 847 2632 vult
870 2579 970 2652 poeta
994 2548 1175 2633 Minervam
1195 2570 1310 2632 lovem

131 2693 251 2775 clypeo
282 2692 415 2766 texisse,
440 2693 498 2754 sed
522 2692 719 2774 generaliter
742 2693 971 2773 accipiendum
995 2699 1045 2754 est
1069 2686 1312 2779 παρασπίζονσα

130 2849 175 2862 -
204 2814 379 2894 ope'tnlans.
413 2813 511 2876 Herc.
537 2813 612 2875 Fur.
643 2814 724 2893 1098
750 2834 820 2894 sqq.
848 2811 990 2891 πτερωτοί
1014 2811 1041 2874 δ’
1067 2808 1151 2891 ima
1174 2808 1255 2885 τίξα
1279 2810 1308 2873 τ’

131 2933 285 3015 ἔσπαρται
310 2933 390 3014 πέδῳ
403 2924 445 3021 llic
470 2933 537 3014 πρίν
563 2931 792 3014 παρασπίζοντ’
813 2934 897 3011 ἐμοῖς
915 2929 1202 3020 βραχίοσινίΙέσῳζε
1219 2945 1311 2995 πλεο-

130 3056 185 3137 pale
207 3053 243 3132 ἐξ
266 3054 339 3132 ἐμοῦ
362 3055 392 3118 τ’
418 3051 546 3135 ἐσῴζετο
571 3091 614 3102 -
642 3055 753 3118 alatae
773 3057 916 3137 sagittae
938 3065 970 3118 et
992 3076 1088 3117 arens
1110 3054 1222 3135 sparsi
1234 3063 1314 3116 sunt

130 3178 234 3253 humi,
259 3199 344 3259 quae
365 3187 473 3250 antea,
498 3188 535 3240 ut
549 3177 635 3250 socii,
653 3177 734 3240 meis
749 3176 908 3239 bracchiis
922 3176 1118 3257 opitulantia
1133 3174 1312 3237 servabant

129 3290 238 3363 latera
267 3308 300 3362 et
328 3322 350 3363 a
376 3320 428 3360 ene
450 3299 675 3362 servabantur.
724 3296 812 3361 Sane
834 3299 946 3361 audax
968 3296 1136 3359 translatio
1160 3304 1219 3370 est,
1244 3316 1311 3376 qua

131 3421 263 3503 propria
294 3418 362 3482 sere
394 3419 605 3482 absconditur
636 3421 736 3492 notio,
770 3441 845 3482 nam
869 3401 1009 3505 sagittae
1032 3400 1126 3482 arcus
1150 3418 1310 3481 bracchiis

131 3543 283 3605 Herculis
314 3540 559 3624 opitulabantur
590 3543 610 3605 i.
642 3561 671 3604 e.
705 3542 861 3604 maiorem
885 3541 952 3604 vim
977 3515 1111 3624 dabant.
1158 3540 1309 3603 Tandem

132 3659 338 3743 παρασπίζειν
377 3663 540 3725 invenitur
579 3662 745 3725 Phoeniss.
785 3680 869 3742 1434
901 3683 950 3743 sq.
988 3660 1092 3740 ἐθρήνει
1127 3661 1177 3726 τὸν
1213 3661 1312 3726 πολὺν

132 3788 262 3861 μαστῶν
287 3782 374 3847 πίνον
386 3780 397 3872 Η
409 3783 541 3846 στίνονσ’
573 3781 698 3861 αδελφοί
717 3782 740 3845 θ’
758 3783 774 3856 ἡ
794 3779 1022 3862 παρασπίζοντ’
1040 3781 1112 3859 ὁμοῦ
1127 3785 1313 3866 -lugebat

130 3925 289 3988 magnum
321 3906 455 3969 uberum
487 3905 640 3978 laborem,
668 3925 804 3987 gemens
834 3914 866 3965 et
893 3904 994 3979 sarae,
1028 3905 1166 3967 adstans
1197 3907 1311 3980 matri,

130 4026 235 4090 simul
270 4026 324 4108 (sc.
364 4027 510 4108 gemuit.)
540 4027 643 4088 Recte
674 4031 764 4088 enim
796 4023 928 4088 Geelius
958 4025 1112 4088 adnotat:
1142 4027 1215 4102 ὁμοῦ
1248 4048 1310 4090 nan

123 4148 272 4228 pertinet
285 4150 334 4212 ad
348 4144 599 4227 παρασπίζονσα.
625 4146 721 4228 Quae
737 4157 916 4229 sequuntur
932 4148 1030 4209 nimis
1046 4148 1145 4229 longe
1161 4149 1310 4228 quaesita

131 4269 211 4332 mihi
241 4269 401 4334 videntur.
433 4269 559 4351 Pergit:
592 4269 653 4331 sed
675 4269 778 4348 repeti
806 4269 973 4332 desiderat
1001 4264 1124 4348 ᾤμωξεν
1155 4288 1198 4330 ex
1211 4275 1313 4344 prae·
