3038 4808
220 272 261 334 16
576 266 850 349 παρασπίζειν-
874 268 1030 349 παρέχειν.

208 457 350 542 gressis.
375 456 447 519 Hoc
469 477 532 518 uon
555 456 685 538 drffice'le
706 465 782 519 erut
801 455 942 519 inventu.
960 456 1075 519 Mater
1087 455 1249 521 eiulabat:
1264 449 1285 518 ὦ
1300 455 1396 519 τέκνα

217 615 262 626 -
287 578 388 661 filia:
422 571 443 640 ὦ
475 575 649 656 γυροβοσιιοί
684 614 722 623 -
755 577 935 658 ambaeque
964 577 1028 640 leas
1058 577 1305 642 lamentationes
1327 599 1396 642 una

204 702 428 783 pronuntiare
457 711 489 763 et
520 700 652 762 miscere
681 699 844 762 ducuntur.
892 699 968 760 Non
991 701 1067 781 quia
1089 701 1209 763 eodem
1232 700 1395 763 vocabulo

216 823 409 903 incipientes
432 831 579 904 gemunt,
603 821 662 882 sed
686 821 841 902 quoniam
861 821 979 884 eodem
994 831 1146 903 tempore
1162 822 1394 896 lamentantur,

216 943 289 1021 ὁμοῦ
313 945 405 1006 addit
429 951 537 1024 poeta.
562 941 638 1004 Non
661 961 745 1022 opus
769 950 819 1004 est
841 940 962 1005 talibus
978 945 1190 1024 argumentis,
1208 952 1244 1006 ut
1260 944 1393 1007 convin-

211 1086 331 1128 camur
364 1064 437 1141 ὁμοῦ
473 1083 540 1125 non
576 1063 619 1125 ad
655 1058 897 1140 παρασπίζουσα
930 1065 1104 1145 pertinere.
1152 1064 1396 1128 Herwerdenus

217 1185 343 1251 mavult
373 1184 483 1267 legere
515 1183 760 1262 παραστατοῦσ“,
794 1184 884 1265 quod
908 1183 1041 1247 ridicule
1066 1186 1189 1248 dictum
1213 1186 1243 1249 ei
1266 1186 1397 1250 videtur

216 1303 469 1388 παρασπίζουσα.
495 1305 600 1367 Affert
624 1303 730 1366 Geelii
754 1305 910 1368 iudicium
934 1307 990 1387 qui
1014 1307 1168 1370 adnotat:
1194 1308 1288 1382 „Iam
1311 1308 1398 1371 satis

211 1432 374 1494 audacter
394 1439 426 1491 et
438 1429 516 1508 fere
538 1429 653 1490 comice
675 1449 697 1490 a
717 1427 820 1489 milite
836 1423 1041 1509 παρασπίζειν
1057 1427 1178 1491 dicitur
1191 1429 1294 1511 virga,
1311 1450 1398 1510 quae

217 1562 356 1614 matrem
388 1550 563 1612 comitatur
592 1549 724 1628 eiusque
751 1548 850 1610 lateri
870 1549 984 1611 adstat
1003 1550 1059 1612 vel
1078 1550 1206 1613 adiacet
1226 1561 1258 1614 et
1279 1551 1341 1614 οἱα
1361 1574 1397 1616 ιο

214 1672 448 1743 excusandum,
472 1670 614 1751 quadiu
637 1669 743 1731 mede‘a
762 1669 840 1732 belli
860 1670 1000 1733 tumultu
1023 1681 1206 1735 versantur.
1235 1672 1307 1735 Fac
1328 1674 1396 1737 ve‘r·

208 1795 326 1876 gruem
350 1792 469 1855 matris
492 1791 741 1853 lamentationes
763 1789 798 1852 e'n
821 1811 948 1853 summo
962 1791 1071 1855 dolare
1084 1793 1297 1867 comitantem,
1314 1805 1398 1858 tam·

211 1934 317 1995 quam
341 1914 411 1976 eius
435 1911 681 1993 „armigeram”
706 1922 739 1974 et
759 1911 864 1974 risum
887 1922 965 1985 tene,
989 1914 1023 1976 σι’
1035 1913 1169 1994 pates!’'
1197 1914 1291 1978 Dixit
1312 1915 1398 1980 haec

215 2036 352 2098 Geelius
387 2053 429 2095 ne
464 2053 638 2113 sequamur
672 2031 883 2094 scholiastam
919 2034 973 2114 qui
1009 2032 1082 2111 ὁμοῦ
1117 2056 1193 2098 cum
1223 2037 1398 2119 participio

215 2151 459 2235 παρασπίζουσα
482 2156 662 2235 coniungit.
688 2153 845 2217 Concedo
869 2175 935 2217 non
960 2155 1129 2239 eleganter
1152 2167 1287 2240 poetam
1303 2157 1398 2220 Anti·

216 2299 340 2361 gonam
373 2273 629 2355 παρασπίζουσαν
660 2276 799 2352 dixisse;
831 2278 1002 2358 quomodo
1026 2289 1136 2341 autem
1161 2281 1397 2359 παρασπατοῦσ’

219 2401 254 2462 in
279 2395 504 2479 παρασπιζουσ’
526 2397 644 2460 abiisse
661 2398 773 2479 possit,
790 2418 855 2460 non
873 2398 1038 2481 intellego.
1055 2400 1138 2463 Puto
1156 2398 1398 2480 παρασπίζουσα

217 2524 254 2584 in
278 2523 464 2584 universum
480 2520 706 2601 accipiendum
723 2539 794 2582 esse
811 2529 844 2582 et
860 2522 1070 2584 vertendum:
1088 2525 1213 2597 „matri
1225 2523 1397 2588 adstans‚”

269 2707 425 2788 παρέχειν.

272 2912 299 2955 1.
346 2891 543 2954 Localis
575 2912 695 2955 usus.

267 3016 305 3077 ln
336 3016 439 3077 verbo
472 3013 618 3093 παρέχειν
649 3036 723 3078 raro
746 3027 884 3098 apparet
907 3019 1041 3100 pristina
1064 3020 1113 3082 vis
1136 3021 1398 3102 praepositionis.

222 3137 356 3219 Proprio
380 3154 475 3197 sensu
501 3138 641 3199 occurrit
666 3138 764 3201 Hom.
790 3138 880 3202 Iliad.
904 3140 963 3203 IV.
988 3158 1053 3220 229
1068 3162 1116 3224 sq.
1135 3142 1177 3221 τῷ
1193 3140 1287 3219 μοίλα
1305 3140 1398 3206 πόλλ’

219 3257 373 3321 ἐπέτελλε
398 3256 614 3338 παρισχέμεν,
638 3258 758 3323 ὁππότε
779 3261 828 3325 κέν
844 3285 895 3339 μιν
906 3260 917 3349 ll
928 3269 1004 3338 γυῖα
1020 3262 1107 3344 λείβει
1123 3263 1267 3341 κρίματος
1284 3264 1401 3335 πολέας

223 3376 274 3442 aa
297 3377 497 3457 κοιρανέοντα.
544 3377 659 3442 Sermo
677 3380 713 3443 fit
728 3382 770 3444 de
788 3380 1030 3464 Agamennone
1046 3385 1101 3466 qui
1116 3386 1187 3467 ipse
1203 3387 1236 3448 in
1252 3406 1400 3469 pugnam

223 3511 387 3582 properat,
411 3500 470 3561 sed
495 3500 677 3561 ministrum
701 3520 776 3561 curn
800 3520 894 3561 curru
919 3501 1079 3582 relinquit.
1125 3504 1178 3565 Ex
1201 3505 1401 3586 praeceden-

219 3620 312 3682 tibus
330 3620 476 3682 versibus
489 3620 532 3682 ad
545 3619 773 3700 παρισχέμεναι
785 3621 1006 3703 supplendum
1020 3632 1070 3685 est
1082 3619 1204 3694 ίππους.
1230 3624 1402 3707 Significat

224 3741 453 3821 παρισχέμεναι
477 3743 536 3817 „in
559 3743 728 3804 vicinitate
743 3743 879 3806 tenere.”
927 3743 1033 3808 Huius
1049 3745 1295 3828 significationis
1311 3767 1402 3811 mere

222 3867 336 3930 localis
371 3870 572 3949 nequiquam
608 3868 670 3931 alia
702 3870 859 3953 exempla
890 3871 1045 3951 quaesivi.
1093 3867 1244 3930 Proxime
1271 3869 1404 3933 accedit

223 3990 292 4072 lph.
317 3990 393 4052 Aul.
419 4006 481 4071 732
508 4010 555 4070 sq.
581 3987 627 4058 τίς
651 3987 677 4050 δ’
697 3985 871 4066 tuaequae
895 3983 1121 4072 φλίυα;ίίένὼ
1147 3982 1269 4064 παρέξω
1293 3989 1364 4066 Φῶς
1388 3979 1402 4050 ὃ

222 4110 368 4190 νυμφίοις
399 4110 506 4189 πρέπει
531 4147 573 4157 -
597 4111 671 4192 qm's
696 4110 810 4189 facem
843 4105 957 4171 tollet?
987 4129 1045 4191 ego
1075 4107 1170 4170 iuxta
1195 4128 1268 4169 eam
1292 4108 1402 4171 lumen

211 4235 342 4312 feram,
367 4235 456 4314 quad
474 4231 601 4313 sponsis
620 4233 774 4294 convenit.
794 4226 915 4308 παρέξω
932 4231 999 4308 Φῶς
1015 4250 1081 4292 non
1097 4228 1203 4292 solum
1218 4227 1403 4309 significare
