3038 4808
627 1052 850 1126 CAPUT
886 1052 961 1127 111.

322 1253 525 1337 Praepositio
548 1250 634 1332 παρα
658 1252 693 1316 in
715 1252 938 1334 compositione
959 1251 1130 1316 verborum
1151 1250 1278 1316 indo'oot

467 1374 672 1438 directionem
695 1383 800 1438 motus
821 1394 845 1437 a
865 1373 967 1438 latere
988 1372 1132 1438 alicuius

652 1495 709 1559 vel
726 1493 868 1560 deuotis
889 1494 948 1559 rei.

258 1746 412 1826 παραθεῖν.

258 1916 486 2001 Separativam
502 1919 569 1982 vim
584 1918 834 2001 praepositionis
851 1913 935 1998 παρα
950 1917 1076 2000 optime
1088 1917 1232 1982 ostendit
1243 1918 1382 1983 verbum

215 2039 360 2120 παραθεῖν
382 2061 469 2105 -a
498 2040 637 2104 latere
666 2038 892 2122 repellere.
918 2039 1107 2103 Adhibetur
1121 2039 1165 2103 de
1180 2040 1219 2103 iis
1234 2040 1383 2123 personis

214 2160 268 2224 vel
298 2161 406 2236 rebus,
434 2182 571 2243 quarum
594 2182 654 2225 nos
676 2161 795 2233 taedet,
821 2181 903 2242 quas
925 2161 1041 2225 abesse
1063 2180 1084 2225 a
1106 2161 1202 2225 nobis
1224 2161 1382 2245 cupimus.

263 2371 291 2420 1.
337 2356 512 2420 Localis
543 2377 652 2420 usus.

260 2524 396 2591 Orestes
428 2528 493 2591 628
525 2548 575 2610 sq.
605 2527 732 2591 τοσαῦτ’
763 2523 899 2597 οόκούσας
928 2522 994 2601 loir,
1024 2523 1104 2603 μηδὲ
1136 2521 1385 2614 δυσσεβεῖςῌὲλς

215 2645 362 2728 παρώσας
392 2647 621 2730 εὐσεβεστέρους
650 2648 761 2730 Φίλους
793 2683 831 2696 -
862 2648 944 2713 looec
971 2658 1002 2713 te
1023 2648 1192 2712 audivisse
1215 2658 1383 2724 memento,

214 2789 317 2852 neque
338 2769 500 2853 improbos
521 2770 641 2834 amicos
663 2770 747 2854 elige
768 2770 946 2852 repudrons
961 2769 1046 2852 pios.
1089 2768 1237 2833 Medium
1262 2770 1385 2854 eodem

215 2910 312 2954 sensu
343 2891 508 2955 Heraclid.
540 2893 604 2972 236
631 2913 679 2975 sq.
703 2889 824 2973 rprooool
843 2891 879 2968 μ’
903 2886 1112 2970 ἀναγκάζουσι
1135 2887 1268 2962 συννοίας
1290 2887 1384 2976 ὂδοί,ΙΙ

216 3009 326 3090 Ἰόλαε,
350 3010 422 3083 σοὺς
443 3011 513 3087 σοὺς
536 3013 581 3090 μὴ
605 3011 803 3094 παρώσασθαι
825 3010 992 3089 ξένους-
1014 3023 1080 3076 tres
1100 3012 1245 3077 rotoones
1265 3011 1387 3094 cogito-

215 3134 312 3198 tionis
333 3156 385 3200 me
404 3145 610 3213 commovent,
632 3137 730 3213 Iolao,
754 3158 793 3200 ne
814 3135 969 3217 repellam
991 3134 1134 3216 hospites
1155 3143 1237 3199 tuos.
1272 3133 1387 3198 Kirch·

215 3257 332 3322 hoffius
362 3255 462 3333 ξένους
491 3259 631 3322 mutavit
659 3258 692 3321 in
723 3256 844 3334 λόγους.
889 3257 1003 3321 Lectio
1033 3257 1185 3321 codicum
1212 3255 1387 3320 retinenda

215 3378 293 3442 mihi
316 3381 454 3444 videtur.
501 3379 699 3462 Demophon
722 3378 913 3443 Heraclidas
935 3377 1081 3462 hospites
1104 3378 1183 3443 lolai
1199 3376 1283 3463 (τοὺς
1297 3372 1379 3460 σούς)

215 3510 321 3576 vocat,
353 3503 444 3586 quod
475 3502 583 3566 Iolaus
613 3522 671 3565 eos
700 3510 839 3564 tueatur.
885 3498 961 3577 ξένον
991 3509 1102 3564 autem
1131 3507 1216 3574 sunt,
1247 3507 1284 3563 ut
1313 3500 1387 3581 ipse

215 3621 325 3687 Iolaus
347 3623 430 3686 dixit
451 3645 498 3689 vs.
526 3624 603 3704 189:
628 3619 704 3698 ξένοι
727 3620 786 3703 yolo
810 3620 911 3699 ἐσμεν.

263 3831 292 3878 2.
338 3815 593 3881 Translatus
624 3837 734 3880 usus.

261 3982 449 4069 Sequantur
474 3996 539 4050 tres
562 3987 626 4051 loci
649 3988 706 4051 ubi
727 3986 882 4050 translate
903 3997 1005 4070 poeta
1027 3993 1140 4051 noster
1160 3985 1226 4050 hoc
1247 3984 1390 4049 verbum

216 4107 373 4182 adhibuit,
410 4109 543 4172 notione
577 4109 821 4192 repellendi
860 4130 879 4174 e
915 4117 1068 4182 mente,
1104 4129 1122 4172 e
1156 4107 1392 4191 cogitatio·

217 4230 351 4303 nibus,
383 4231 699 4295 contemnendi.
