3038 4808
169 356 209 435 58
513 348 724 431 παρεισπίπτειν
747 387 791 398 -
816 347 1000 430 παρεξιέναι.

167 539 259 603 nabas
289 560 344 601 acc
373 538 593 601 morientibus.
639 538 724 600 Fere
751 537 869 600 eodem
892 557 989 599 sensu
1012 537 1115 599 verbo
1143 527 1351 615 προσπίπτειν

167 662 267 724 utitur
303 668 404 743 poeta
434 659 554 722 Medea
586 673 646 738 225
681 655 748 734 ἐμοὶ
780 656 807 720 δ’
839 654 975 720 ἄελπτον
1008 657 1144 736 πρᾶγμα
1177 659 1352 737 προσπεσόν

167 779 240 844 τόδε
250 779 261 868 ll
272 781 382 860 ψυχὴν
398 778 565 860 διέφόαρκ’.
611 780 739 842 Tamen
755 781 889 841 interest
904 778 1026 860 aliquid
1043 779 1127 840 inter
1141 776 1352 856 προσπίπτειν

167 912 201 966 et
232 901 454 982 παραπίπτειν.
501 901 585 965 Fere
614 922 781 983 nunquam
812 901 845 962 in
875 901 1116 982 compositione
1143 900 1349 982 primitivam

168 1026 235 1088 vim
257 1024 508 1106 praepositionis
533 1020 629 1102 παρα,
654 1044 719 1104 qua
735 1022 894 1084 indicatur
910 1023 1073 1084 actionem
1090 1022 1182 1084 verbi
1201 1023 1243 1084 ad
1261 1021 1352 1084 latus

166 1155 224 1208 aut
247 1167 267 1207 a
291 1146 392 1208 latere
415 1145 552 1208 alicuius
574 1163 736 1225 personae
760 1142 839 1216 fieri,
856 1144 900 1205 ita
917 1143 1043 1215 amittit,
1061 1151 1097 1204 ut
1111 1163 1186 1206 eam
1202 1143 1351 1224 reperire

167 1288 377 1350 nequeamus,
414 1266 487 1347 πρός
517 1287 596 1329 vero
626 1285 726 1347 saepe
756 1264 909 1346 designat
940 1273 1066 1326 motum
1097 1265 1256 1327 adversus
1288 1263 1347 1326 vel

167 1397 283 1452 contra
313 1389 458 1471 aliquem
489 1389 567 1451 lieri.
615 1386 670 1451 Sic
702 1383 914 1465 παραπόπτειν
945 1386 1078 1467 proprie
1102 1385 1220 1447 dicitur
1244 1386 1288 1447 de
1313 1405 1351 1447 re

168 1509 221 1572 vel
261 1531 402 1591 persona
437 1532 522 1592 quae
557 1530 576 1572 a
605 1509 744 1571 latere
776 1508 903 1570 nobis
938 1508 1067 1581 accidit,
1103 1506 1137 1569 τό
1174 1503 1349 1585 προσπεσόν

167 1641 281 1695 autem
325 1653 378 1694 ex
416 1635 601 1696 adverso
646 1650 781 1713 quoque
814 1631 909 1692 nobis
943 1630 1088 1691 obvenit.
1144 1628 1237 1710 Apte
1270 1649 1350 1690 con·

167 1751 290 1816 seratur
321 1753 427 1836 lphig.
458 1754 557 1816 Taur.
593 1769 677 1831 1229
707 1749 877 1828 ἐξίστασθε,
910 1751 953 1827 μή
986 1773 1027 1829 τῳ
1060 1747 1216 1830 προσπόσρ
1249 1746 1351 1826 μύσος

166 1872 247 1936 τοδε.
273 1874 440 1939 Conversa
457 1886 507 1938 est
522 1875 721 1938 constructio
737 1873 858 1935 Troad.
877 1889 939 1951 291
959 1893 1007 1953 sq.
1022 1868 1151 1951 οἴχομαι
1163 1870 1185 1934 οἱ
1197 1869 1348 1945 τάλαινα,

168 1992 415 2077 δυστυχεστάτῳ
427 1995 438 2084 ll
450 1997 633 2078 προσέπεσον
656 1995 754 2074 κλήρῳ
779 2031 822 2042 -
839 1995 931 2077 perii
953 1995 1084 2066 αιὶιινα,
1094 1995 1257 2075 prolapsa
1271 2015 1348 2057 sum

168 2115 203 2177 in
213 2129 331 2180 sortem
345 2121 577 2182 miserrimam.
601 2119 698 2182 Unde
710 2119 856 2198 sequitur
870 2113 1070 2195 προσπίπτειν
1083 2136 1243 2198 persaepe
1258 2115 1349 2177 adhi-

168 2237 238 2299 beri
262 2239 303 2300 de
326 2241 474 2319 personis
498 2260 583 2321 quae
618 2248 716 2302 ante
748 2259 819 2301 ora
853 2247 963 2301 nostra
981 2238 1170 2320 suppliciter
1185 2237 1218 2298 in
1235 2257 1349 2320 genua

169 2355 331 2417 accidunt.
357 2358 454 2419 Hanc
471 2358 639 2420 notionem
657 2354 869 2435 παραπίπτειν
886 2365 996 2418 tamen
1015 2376 1194 2438 numquam
1207 2361 1346 2440 accepit.

214 2474 306 2539 Sicut
348 2487 458 2540 noster
495 2479 597 2542 habet
635 2477 765 2558 σωτηρία
780 2465 784 2472 ’
801 2474 982 2558 παραπέσοι,
1018 2477 1233 2558 Thucydides
1268 2480 1350 2544 dicit

169 2602 351 2668 σκοποῦντες
380 2598 489 2678 καιρόν,
522 2597 550 2663 εἴ
575 2623 623 2672 τις
654 2597 835 2680 παραπέσοι,
867 2599 923 2661 IV.
958 2616 1009 2679 23,
1042 2619 1183 2680 eumque
1215 2610 1349 2665 secutus

169 2729 219 2783 est
244 2721 445 2802 Xenophon,
470 2721 651 2805 Hipparch.
677 2722 750 2784 Vll.
774 2738 806 2797 4,
830 2718 923 2784 όπότε
945 2720 1046 2799 καιρός
1070 2720 1253 2799 παραπέσοι.

213 2842 391 2923 Propria
424 2845 598 2906 notione
634 2844 823 2906 Herodotus
859 2843 960 2904 verbo
998 2862 1074 2904 usus
1109 2852 1160 2904 est
1194 2843 1269 2906 Vll.
1304 2845 1348 2926 87

167 2963 255 3026 αατόι
279 2961 381 3043 τύχαν
407 2969 630 3044 παραπεσοῦσα
653 2967 730 3039 νηῦς.

215 3087 332 3148 Postea
367 3086 522 3167 Polybius
556 3087 676 3167 aliique
707 3086 851 3149 historici
882 3106 982 3166 saepe
1014 3095 1251 3167 usurpaverunt
1281 3085 1348 3150 hoc

169 3206 317 3268 verbum.

216 3400 400 3479 παρεξιέναι.
447 3399 674 3485 (παρεξελθεῖν).

215 3489 676 3505 --ψ

216 3575 253 3635 In
288 3574 508 3656 bicomposito
544 3570 716 3651 παρεξιέναι
752 3574 952 3656 praepositio
988 3571 1074 3650 παρα
1109 3573 1251 3635 eandem
1281 3576 1350 3637 vim

170 3697 288 3759 habet:
313 3696 481 3758 Phoeniss.
511 3697 592 3772 1248
617 3716 666 3776 sq.
693 3691 890 3774 παρεξιόντες
913 3693 940 3756 δ’
965 3691 1061 3764 ἄλλος
1080 3691 1206 3757 ἄλλοόεν
1223 3693 1346 3782 ΦίλωνΗ

172 3815 274 3892 λόγοις
306 3815 458 3895 ε’όοόρσννον
481 3855 525 3863 -
548 3817 726 3879 accedentes
756 3838 833 3879 vero
860 3817 924 3879 alii
944 3817 1077 3880 alzande
1100 3817 1283 3880 amicorum
1308 3838 1353 3881 ex

171 3939 240 4001 acie
270 3939 377 4000 verbis
408 3939 678 4002 adhortabantur.
727 3938 848 3999 Nostro
880 3937 953 3999 loco
985 3946 1123 4019 utraque
1147 3939 1350 4020 praepositio

172 4081 263 4125 suam
296 4062 463 4123 notionem
495 4061 612 4137 habet;
646 4058 681 4136 ἐξ
711 4061 833 4123 indicat
864 4060 990 4121 amicos
1022 4080 1065 4121 ex
1087 4061 1158 4122 acie
1182 4059 1349 4142 progredi,

172 4182 258 4264 παροό
283 4184 435 4264 designat
458 4185 637 4245 motionem
661 4184 704 4245 ad
728 4182 841 4245 fratres
864 4183 1010 4255 tendere,
1035 4190 1070 4244 ut
1092 4190 1181 4244 recte
1204 4180 1351 4262 explicat

170 4305 381 4368 scholiastes:
408 4300 620 4379 ἐμβάλλοντες
644 4303 717 4383 πρὸς
740 4300 862 4375 αὐτούς.
