3038 4808
626 259 773 339 παριέναι.
1245 261 1288 343 63

112 445 268 528 expellat.
300 445 367 510 Sed
392 448 462 528 ipse
487 447 628 510 minatur
651 467 686 511 se
710 448 888 510 rediturum
914 456 947 510 et
969 467 1090 530 magna
1113 450 1145 511 vi
1169 449 1290 513 Demo·

111 567 270 651 phontem
300 588 544 651 oppressurum.
590 569 699 632 Versu·
729 583 794 648 250
826 569 1024 651 Demophon
1055 590 1122 632 non
1153 573 1231 634 dicit
1254 593 1290 635 se

111 689 326 772 expulsurum
358 709 430 752 esse
461 689 600 772 Coprea,
632 692 691 753 sed
722 689 870 753 hortatur
892 693 992 753 modo
1015 712 1090 754 eum
1115 702 1150 756 ut
1174 693 1288 756 abeat:

112 809 159 874 Σὺ
183 809 210 873 δ’
232 816 349 892 ”Appon
372 810 461 875 ἐλθὼν
485 814 590 874 ταῦτα
613 813 642 874 π’
667 811 811 892 Εὐρυσθεῖ
829 809 954 892 φρασον.

158 1056 190 1122 b.
239 1055 548 1138 Separativam
573 1057 658 1118 vim
683 1058 1025 1140 praepositionis
1049 1059 1082 1120 in
1097 1058 1200 1120 verbo
1218 1081 1292 1138 παρ

12 1207 16 1210 ·
114 1175 185 1242 ιέναι
217 1180 340 1242 indicat
370 1181 461 1242 locus
484 1179 724 1261 Aristophanis,
748 1180 857 1260 Equit.
880 1178 947 1261 ’436
970 1181 1026 1242 ubi
1049 1189 1224 1263 usurpatur
1246 1182 1289 1244 de

114 1299 190 1363 fune
221 1302 285 1364 veli
316 1303 371 1382 qui
403 1301 591 1364 remittitur:
616 1297 703 1380 έιέρει,
728 1299 781 1364 καὶ
805 1305 858 1364 ποῦ
884 1301 974 1373 ποδὸς
998 1300 1095 1382 παρίει
1120 1340 1160 1348 -
1184 1313 1292 1383 specta

114 1433 148 1486 et
167 1424 235 1486 veli
247 1425 367 1505 pedem
390 1423 543 1486 nonnihil
558 1425 648 1488 lana.
674 1425 778 1486 Recte
794 1425 932 1488 adnotat
948 1425 1111 1487 Koekius:
1129 1427 1181 1487 τοῦ
1198 1423 1291 1496 ποδὸς

116 1545 227 1627 (nitml.
252 1544 302 1629 ri)
327 1543 463 1626 παριέναι
486 1545 598 1608 —die
617 1545 732 1609 δαέντι
747 1545 949 1611 nachlassen.
974 1544 1113 1624 παριέναι
1129 1550 1181 1609 τοῦ
1200 1543 1292 1617 ποδός

114 1676 165 1730 est
180 1677 311 1748 partem
325 1669 426 1748 funis
449 1688 471 1729 α
493 1689 528 1729 se
550 1667 721 1730 remittere.
747 1668 796 1730 Ea
820 1669 910 1731 notio
934 1669 1187 1750 praepositionis
1203 1668 1291 1748 apud

118 1790 309 1872 Euripidem
332 1810 465 1871 quoque
489 1798 617 1851 servata
641 1798 708 1852 est:
735 1789 833 1853 Herc.
858 1790 932 1852 Fur.
955 1807 1038 1866 1204
1054 1810 1103 1871 sq.
1122 1787 1217 1868 πάρες
1232 1789 1291 1851 ἀπ’

116 1908 429 1998 ὄμμαπανῐέπέπλον,
452 1908 590 1984 ἀπόδικε,
614 1911 691 1992 ῥέθος
713 1909 804 1990 dentre
828 1909 924 1987 δεῖξιν
948 1949 988 1956 -
1013 1911 1114 1974 obiice
1135 1910 1176 1973 ab
1192 1912 1293 1973 oculis

114 2044 247 2109 vestem,
276 2034 380 2107 eriere,
407 2034 536 2096 ostende
558 2035 684 2113 factem
706 2034 777 2098 soli.
824 2035 950 2097 Tamen
973 2034 1038 2095 iam
1061 2033 1125 2096 hoe
1149 2033 1223 2096 loco
1249 2033 1291 2096 de

114 2165 207 2219 motu
245 2154 289 2216 ab
327 2154 436 2236 aliquo
471 2175 538 2217 non
574 2165 641 2218 tam
676 2157 823 2237 impense
858 2155 1037 2238 cogitatur;
1075 2151 1222 2234 παριέναι,
1257 2163 1294 2217 ut

115 2278 267 2358 sequenti
290 2276 374 2351 loco,
398 2275 466 2339 fere
490 2276 568 2339 nihil
593 2286 644 2340 est
667 2278 743 2340 nisi:
769 2278 1038 2357 missumfacere.
1063 2277 1124 2340 Ion
1145 2292 1227 2357 1207
1244 2298 1293 2359 sq.

119 2398 234 2478 θνῄσκει
252 2397 278 2460 δ’
296 2396 551 2476 αἰπασπαέρινσα,
567 2395 819 2485 ΦοινικισκελεῖςΗ
830 2399 937 2478 χηλὰς
953 2403 1084 2477 παρεῖσα
1100 2435 1143 2444 -
1155 2398 1297 2462 moritur

111 2521 297 2604 palpitans,
314 2530 500 2602 purpureos
514 2522 618 2602 pedes
640 2521 815 2584 dimittens.
840 2522 992 2584 Fortasse
1016 2522 1116 2584 etiam
1131 2520 1184 2583 hic
1200 2540 1294 2601 sepa-

119 2643 225 2706 rativa
247 2643 297 2705 vis
319 2661 386 2704 non
409 2642 507 2725 plane
530 2643 673 2715 evanuit,
698 2643 755 2705 sed
779 2643 940 2706 indicatur
962 2662 1027 2725 ope
1043 2641 1295 2725 praepositionis

114 2765 220 2848 pedes
243 2763 417 2827 columbae
441 2784 461 2826 a
484 2784 621 2846 corpore
645 2763 791 2827 haerere.

163 2886 315 2950 Tandem
328 2887 370 2948 de
383 2894 474 2948 moto
490 2886 532 2948 ab
549 2885 659 2967 aliquo
677 2884 813 2965 παριέναι
830 2893 1002 2968 usurpatur
1014 2883 1128 2967 Suppl.
1148 2899 1233 2965 1070
1245 2904 1294 2965 sq.

118 3005 173 3070 nei
205 3005 242 3080 δὴ
275 3011 419 3086 παρεῖται
450 3010 552 3082 σῶμα,
585 3005 630 3070 σοὶ
661 3007 717 3084 μέν
741 3008 772 3070 οὐ
795 3004 999 3094 φιλῶςΗίιρῑν
1023 3004 1056 3069 δέ
1078 3003 1131 3069 καὶ
1155 3004 1196 3084 τῷ
1221 3027 1296 3081 συρι-

120 3126 293 3209 πνρονμένῳ
326 3126 413 3191 πόσει
438 3165 477 3174 -
503 3139 535 3192 et
564 3129 633 3192 iam
659 3130 838 3193 remittitur
858 3141 972 3212 corpus
994 3130 1056 3193 tibi
1076 3129 1208 3210 quidem
1233 3148 1296 3190 non

114 3257 264 3331 gratum,
294 3245 386 3309 nobis
416 3267 492 3309 vero
522 3257 555 3309 et
584 3248 704 3310 marito
733 3248 838 3310 simul
855 3248 1024 3311 combusta.
1073 3249 1209 3329 παριέναι
1232 3248 1297 3311 hoc

121 3369 197 3432 loco
220 3366 400 3450 significat:
425 3389 488 3430 nen
511 3369 653 3450 amplius
675 3379 790 3432 tenere.
834 3366 1031 3464 §eparativa
1055 3371 1103 3431 vis
1119 3370 1297 3450 conspicua

118 3500 170 3554 est
186 3491 214 3552 si
228 3489 365 3569 παριέναι
381 3492 432 3553 ita⁴
441 3491 751 3554 circumscribimus:
768 3513 790 3555 a
798 3501 898 3573 parte
905 3501 1067 3571 personae
1082 3513 1166 3574 quae
1180 3489 1300 3554 desinit

120 3613 260 3675 retinere
283 3612 416 3693 aliquid
433 3613 608 3676 remittere.
657 3613 898 3675 Herwerdenus
921 3620 1052 3674 secutus
1068 3611 1298 3675 Marklandum

123 3732 204 3817 legit
218 3733 365 3796 καθεῖται,
389 3733 595 3797 Demittendi
611 3754 726 3797 sensus
741 3754 821 3796 sane
837 3733 960 3815 optime
976 3732 1040 3796 hoc
1056 3733 1131 3796 loco
1147 3734 1297 3816 quadrat.

124 3854 254 3918 Tamen
279 3860 421 3935 παρεῖται
445 3855 652 3919 retinendum
675 3864 774 3937 puto;
798 3854 892 3917 facile
916 3854 1003 3916 enim
1027 3855 1209 3938 intelligere
1224 3876 1297 3938 pos-

123 3997 247 4051 sumus,
283 3997 358 4040 cum
393 3978 531 4041 Euadne
568 3998 697 4040 summo
726 3976 760 4039 in
790 3996 873 4059 rogo
906 3984 980 4052 stet,
1005 3975 1075 4039 fieri
1099 3998 1166 4040 non
1189 3996 1296 4058 posse,

123 4100 212 4181 quin,
237 4100 264 4162 si
286 4120 407 4182 corpus
431 4100 566 4161 missurn
582 4099 688 4174 saciat,
705 4100 859 4161 deorsum
873 4099 1077 4181 praecipitet.
1127 4098 1237 4179 Quam
1252 4096 1298 4160 ob

121 4243 195 4286 rem
219 4242 285 4285 non
310 4241 445 4284 necesse
469 4229 520 4284 est
543 4221 717 4303 quicquam
740 4221 866 4283 mutari.
