3038 4808
182 338 223 418 78
386 340 568 417 παρεγγυᾶν
587 375 631 387 -
655 338 891 420 παραγγέλλειν
913 375 958 390 -
981 347 1147 421 παραινεῖν.

180 524 400 600 tradenda,
416 526 608 608 praesertim
624 526 713 608 apud
729 526 989 610 Xenophontem
1005 526 1140 611 (Cyrop.
1157 529 1214 591 111.
1232 545 1262 609 3.
1282 528 1363 613 58.),

180 666 247 728 quo
276 667 336 711 usu
360 649 408 711 vis
430 648 681 731 praepositionis
704 649 828 732 optime
850 659 998 733 apparet.
1044 649 1172 714 Dicitur
1196 652 1286 715 enim
1312 652 1356 715 de

178 776 303 832 tessera
324 789 409 851 quae
432 770 475 833 ab
498 769 562 832 alio
585 766 682 853 (παραὶ
704 771 793 853 τινος)
817 771 860 834 ad
884 771 983 834 alium
999 767 1096 855 (παραὶ
1112 772 1192 856 τινα)
1207 773 1361 838 traditur.

225 961 467 1044 παραγγέλλειν.

222 1133 261 1196 In
283 1134 388 1197 verbo
412 1132 644 1213 παραγγέλλειν
666 1136 867 1218 praepositio
883 1135 1024 1199 eandem
1040 1135 1105 1198 vim
1120 1135 1222 1201 habet
1237 1158 1353 1220 quam·

178 1274 277 1336 quam
306 1255 500 1338 plerumque
531 1257 637 1339 magis
667 1258 813 1339 cogitare
845 1257 994 1321 videmur
1024 1256 1163 1322 deloco
1187 1258 1359 1342 adquem

178 1377 263 1440 actio
286 1377 389 1440 verbo
411 1397 568 1460 expressa
589 1379 697 1441 tendit
718 1398 818 1460 quam
842 1379 884 1442 de
908 1378 983 1442 loco
1006 1398 1027 1441 a
1049 1399 1116 1460 quo
1135 1381 1221 1443 actio
1238 1381 1351 1445 oritur.

221 1499 274 1561 De
298 1501 455 1562 memoria
477 1500 638 1563 tradenda
660 1502 800 1582 posteris
823 1509 998 1582 usurpatur
1020 1498 1166 1583 Supplic.
1194 1517 1278 1583 1172
1303 1524 1353 1587 sq.

177 1621 211 1685 ἐκ
240 1620 350 1686 τέκνων
379 1620 427 1687 αεὶ
458 1619 724 1711 πέκνσιςξρμνήμην
755 1620 1041 1703 παραγγέλλοντας
1070 1617 1107 1685 ὧν
1134 1619 1284 1703 ἐκύρσατε
1309 1661 1354 1674 —-

175 1754 303 1826 semper
321 1744 411 1828 filies
423 1744 576 1828 filiorum
598 1746 763 1809 tradentes
785 1745 977 1808 memoriam
1001 1765 1111 1808 eornm
1134 1766 1219 1828 quae
1241 1746 1358 1828 adepti

175 1865 262 1928 estis.
287 1865 392 1928 Huius
416 1867 557 1929 notionis
573 1866 735 1949 optimum
751 1865 943 1948 exemplum
958 1865 1118 1930 habemus
1134 1867 1223 1950 apud
1239 1867 1351 1932 Xeno·

174 1986 335 2070 phontem
359 2007 501 2069 quoque,
526 1986 648 2070 Cyrop.
672 1988 714 2051 11.
738 2007 770 2067 4.
795 2007 824 2051 2.
849 1986 988 2052 lullanae
1008 1986 1105 2051 ταύτὸ
1120 1989 1210 2052 ταῦτα
1226 2011 1351 2069 παραγ·

175 2113 278 2185 γεῒλαι
301 2106 354 2171 καὶ
378 2106 429 2172 δια
453 2107 575 2173 adurar
591 2106 666 2173 οὕτω
683 2107 883 2191 παραδιδόναι
899 2107 1063 2174 ἐκέλευσεν.
1087 2105 1112 2172 al
1128 2107 1160 2173 δὲ
1178 2107 1351 2188 πειθόμενα

174 2229 264 2310 παχὺ
288 2231 345 2308 μέν
369 2230 597 2310 παρήγγελλον.

219 2353 330 2435 Vulgo
358 2353 521 2435 significat
547 2355 815 2429 denuntiare,
840 2353 1007 2417 Heraclid.
1031 2369 1095 2435 907
1120 2351 1261 2430 ἐπίσημα
1285 2351 1350 2436 γαρ

173 2495 219 2536 σοι
246 2472 309 2543 θεὸς
335 2473 552 2554 παραγγέλλει
575 2511 618 2525 -
641 2476 769 2540 illustre
790 2476 849 2540 hac
869 2476 955 2539 enim
977 2477 1058 2540 deus
1079 2474 1259 2539 denuntiat.
1311 2477 1350 2540 ln

172 2598 289 2659 eadem
320 2595 429 2659 sabula
459 2597 568 2680 paullo
591 2618 690 2679 supra
711 2618 759 2660 vs.
785 2598 847 2678 825
874 2594 1039 2670 Ἀθηναίων
1063 2595 1091 2659 δ’
1116 2593 1198 2671 ἄναξ
1224 2596 1351 2678 στρατῷ

172 2717 358 2798 παρήγγειλ’
383 2712 431 2782 αἶα
455 2719 516 2800 χρὴ
543 2719 596 2783 τὸν
618 2720 723 2796 εὐγενῆ
748 2757 789 2768 -
813 2730 846 2783 et
865 2718 1116 2783 Atheniensium
1139 2739 1200 2782 ren
1227 2719 1348 2783 denun-

170 2839 272 2904 tiavit
290 2841 447 2904 exercitui
467 2842 581 2924 qualia
604 2844 692 2906 decet
711 2842 822 2906 virum
836 2843 972 2922 fortem.

215 2960 414 3044 Saepissime
446 2964 489 3027 de
519 2964 748 3040 mandatis;
780 2965 871 3027 cuius
902 2983 979 3026 usus
1010 2961 1184 3043 Euripides
1211 2981 1349 3045 quoque

171 3083 361 3164 exemplum
384 3084 523 3167 praebet
545 3085 644 3149 Rhes.
670 3101 713 3167 70
734 3107 784 3169 sq.
808 3085 883 3149 αλλ’
908 3085 945 3157 ὡς
967 3080 1113 3164 σαέχισσα
1136 3081 1198 3163 χρὴ
1224 3104 1347 3163 παραγ·

170 3202 291 3280 γέλλειν
307 3205 429 3285 στρατῷ
439 3202 450 3293 ll
460 3203 561 3286 τεύχη
578 3204 727 3286 πρόχειρα
744 3204 919 3283 λαμβάνειν
936 3243 977 3253 -
995 3215 1032 3269 at
1045 3203 1210 3267 celerrime
1223 3213 1351 3285 oportet

168 3325 309 3391 indicere
329 3328 485 3392 exercitui
505 3338 542 3392 nt
562 3350 660 3393 arma
682 3339 818 3392 sumant
838 3329 873 3392 in
896 3348 1026 3391 manns.

212 3449 384 3514 Praeterea
405 3459 520 3514 notatu
544 3450 664 3533 dignae
686 3460 761 3514 sunt
783 3449 965 3513 locutiones
988 3445 1101 3529 quales
1124 3455 1201 3510 sunt
1216 3467 1340 3526 παραγ-

168 3568 290 3646 γέλλειν
313 3572 353 3643 εἷς
374 3571 418 3636 ale
441 3568 526 3635 ὅπλα
549 3573 637 3655 apud
661 3570 918 3655 Xenophontem
940 3571 974 3632 in
998 3568 1116 3651 quibus
1139 3569 1347 3651 praepositio

167 3692 380 3758 directionem
404 3695 447 3758 ad
470 3695 592 3776 aliquid
615 3695 762 3758 denotat.
787 3691 839 3775 (cl.
865 3690 1080 3773 reparantis).

214 3893 377 3966 παραινεῖν.

211 4058 257 4123 Ut
290 4059 406 4121 dicitur
440 4058 672 4138 παραγγέλλειν
707 4057 767 4123 τινί
797 4082 827 4122 σι
857 4059 905 4122 sic
934 4055 1124 4139 saepissime
1155 4051 1342 4116 invenimus

168 4186 322 4259 παραινεῖν
352 4177 412 4243 πινί
440 4202 469 4242 σι
492 4180 511 4242 i.
537 4201 565 4243 e.
591 4180 828 4261 παραινέσει
858 4176 1095 4243 transferre
1126 4175 1293 4256 aliquid
1320 4193 1341 4237 a

165 4322 208 4366 se
236 4302 286 4365 ad
316 4303 513 4386 aliquem.
539 4300 627 4384 Quid
643 4311 754 4365 autem
771 4301 813 4365 sit
830 4297 1004 4380 παραίνεσις
1019 4297 1113 4362 facile
1128 4295 1343 4378 intelligimus
