<?xml version="1.0" encoding="UTF-8"?>
<!DOCTYPE html PUBLIC "-//W3C//DTD XHTML 1.0 Transitional//EN"
    "http://www.w3.org/TR/xhtml1/DTD/xhtml1-transitional.dtd">
<html xmlns="http://www.w3.org/1999/xhtml" xml:lang="en" lang="en">
 <head>
  <title>
</title>
<meta http-equiv="Content-Type" content="text/html;charset=utf-8" />
  <meta name='ocr-system' content='tesseract 3.04.00' />
  <meta name='ocr-capabilities' content='ocr_page ocr_carea ocr_par ocr_line ocrx_word'/>
</head>
<body>
  <div class='ocr_page' id='page_1' title='image "./deparapraeposit01laangoog_0029.png"; bbox 0 0 3038 4808; ppageno 0'>
   <div class='ocr_carea' id='block_1_1' title="bbox 212 309 872 384">
    <p class='ocr_par' dir='ltr' id='par_1_1' title="bbox 212 309 872 384">
     <span class='ocr_line' id='line_1_1' title="bbox 212 309 872 384; baseline -0.002 -20"><span class='ocrx_word' id='word_1_1' title='bbox 212 319 230 364; x_wconf 92' lang='lat'>2</span> <span class='ocrx_word' id='word_1_2' title='bbox 726 309 872 384; x_wconf 84' lang='grc' dir='ltr'><em>τοορεῖνοιι.</em></span> 
     </span>
    </p>
   </div>
   <div class='ocr_carea' id='block_1_2' title="bbox 211 489 1388 574">
    <p class='ocr_par' dir='ltr' id='par_1_2' title="bbox 211 489 1388 574">
     <span class='ocr_line' id='line_1_2' title="bbox 211 489 1388 574; baseline 0.004 -22"><span class='ocrx_word' id='word_1_3' title='bbox 211 498 321 574; x_wconf 83' lang='lat' dir='ltr'>negat,</span> <span class='ocrx_word' id='word_1_4' title='bbox 346 490 496 572; x_wconf 82' lang='lat' dir='ltr'>„einfoch</span> <span class='ocrx_word' id='word_1_5' title='bbox 520 489 599 552; x_wconf 85' lang='lat' dir='ltr'>wer’l</span> <span class='ocrx_word' id='word_1_6' title='bbox 620 511 698 552; x_wconf 87' lang='lat' dir='ltr'>man</span> <span class='ocrx_word' id='word_1_7' title='bbox 715 490 808 553; x_wconf 77' lang='lat' dir='ltr'>conen</span> <span class='ocrx_word' id='word_1_8' title='bbox 822 489 899 554; x_wconf 80' lang='lat' dir='ltr'>leals</span> <span class='ocrx_word' id='word_1_9' title='bbox 914 491 976 554; x_wconf 85' lang='lat' dir='ltr'>mit</span> <span class='ocrx_word' id='word_1_10' title='bbox 989 491 1062 554; x_wconf 85' lang='lat' dir='ltr'>dem</span> <span class='ocrx_word' id='word_1_11' title='bbox 1078 491 1236 555; x_wconf 81' lang='lat' dir='ltr'>schwerte</span> <span class='ocrx_word' id='word_1_12' title='bbox 1250 492 1388 567; x_wconf 78' lang='lat' dir='ltr'>obhant,</span> 
     </span>
    </p>
   </div>
   <div class='ocr_carea' id='block_1_3' title="bbox 208 610 1408 2880">
    <p class='ocr_par' dir='ltr' id='par_1_3' title="bbox 209 610 1390 1294">
     <span class='ocr_line' id='line_1_3' title="bbox 211 610 1390 693; baseline 0.003 -19"><span class='ocrx_word' id='word_1_13' title='bbox 211 612 300 674; x_wconf 71' lang='lat' dir='ltr'>noant</span> <span class='ocrx_word' id='word_1_14' title='bbox 320 610 529 675; x_wconf 81' lang='lat' dir='ltr'>docrclrsticlot.</span> <span class='ocrx_word' id='word_1_15' title='bbox 577 611 625 674; x_wconf 91' lang='lat' dir='ltr'>Es</span> <span class='ocrx_word' id='word_1_16' title='bbox 638 611 732 691; x_wconf 77' lang='lat' dir='ltr'>fehlt</span> <span class='ocrx_word' id='word_1_17' title='bbox 744 612 819 674; x_wconf 87' lang='lat' dir='ltr'>also</span> <span class='ocrx_word' id='word_1_18' title='bbox 832 612 885 675; x_wconf 83' lang='lat' dir='ltr'>eo&#39;n</span> <span class='ocrx_word' id='word_1_19' title='bbox 901 633 976 674; x_wconf 83' lang='lat' dir='ltr'>vers</span> <span class='ocrx_word' id='word_1_20' title='bbox 991 621 1077 676; x_wconf 74' lang='grc' dir='ltr'><em>σίτοιο</em></span> <span class='ocrx_word' id='word_1_21' title='bbox 1093 612 1153 675; x_wconf 84' lang='lat' dir='ltr'>der</span> <span class='ocrx_word' id='word_1_22' title='bbox 1166 624 1239 676; x_wconf 89' lang='lat' dir='ltr'>art:</span> <span class='ocrx_word' id='word_1_23' title='bbox 1255 610 1390 693; x_wconf 78' lang='grc' dir='ltr'><em>πάρεστι</em></span> 
     </span>
     <span class='ocr_line' id='line_1_4' title="bbox 210 729 1385 811; baseline 0.005 -17"><span class='ocrx_word' id='word_1_24' title='bbox 210 731 312 811; x_wconf 76' lang='grc' dir='ltr'><em>μθτνρ</em></span> <span class='ocrx_word' id='word_1_25' title='bbox 344 731 399 794; x_wconf 88' lang='grc' dir='ltr'>σὺν</span> <span class='ocrx_word' id='word_1_26' title='bbox 422 729 563 795; x_wconf 77' lang='grc' dir='ltr'><em>τέκνοισιν</em></span> <span class='ocrx_word' id='word_1_27' title='bbox 585 729 709 794; x_wconf 80' lang='grc' dir='ltr'><em>άθλῖοι.”</em></span> <span class='ocrx_word' id='word_1_28' title='bbox 756 732 875 794; x_wconf 83' lang='lat' dir='ltr'>Melius</span> <span class='ocrx_word' id='word_1_29' title='bbox 898 741 1008 796; x_wconf 86' lang='lat' dir='ltr'>autem</span> <span class='ocrx_word' id='word_1_30' title='bbox 1032 734 1112 796; x_wconf 91' lang='lat' dir='ltr'>mihi</span> <span class='ocrx_word' id='word_1_31' title='bbox 1134 754 1251 798; x_wconf 86' lang='lat' dir='ltr'>sanare</span> <span class='ocrx_word' id='word_1_32' title='bbox 1273 736 1385 800; x_wconf 91' lang='lat' dir='ltr'>locum</span> 
     </span>
     <span class='ocr_line' id='line_1_5' title="bbox 210 851 1386 938; baseline 0.006 -22"><span class='ocrx_word' id='word_1_33' title='bbox 210 855 340 918; x_wconf 91' lang='lat' dir='ltr'>videtur</span> <span class='ocrx_word' id='word_1_34' title='bbox 363 855 579 917; x_wconf 89' lang='lat' dir='ltr'>Leeuwenius</span> <span class='ocrx_word' id='word_1_35' title='bbox 594 854 649 936; x_wconf 88' lang='lat' dir='ltr'>(ad</span> <span class='ocrx_word' id='word_1_36' title='bbox 664 851 834 935; x_wconf 87' lang='lat' dir='ltr'>Aristoph.</span> <span class='ocrx_word' id='word_1_37' title='bbox 853 853 967 916; x_wconf 87' lang='lat' dir='ltr'>Nubes</span> <span class='ocrx_word' id='word_1_38' title='bbox 983 856 1059 938; x_wconf 85' lang='lat'><strong>422)</strong></span> <span class='ocrx_word' id='word_1_39' title='bbox 1076 856 1131 936; x_wconf 91' lang='lat' dir='ltr'>qui</span> <span class='ocrx_word' id='word_1_40' title='bbox 1148 865 1242 938; x_wconf 85' lang='lat' dir='ltr'>putat</span> <span class='ocrx_word' id='word_1_41' title='bbox 1256 879 1386 923; x_wconf 89' lang='lat' dir='ltr'>versum</span> 
     </span>
     <span class='ocr_line' id='line_1_6' title="bbox 212 972 1384 1069; baseline 0.004 -31"><span class='ocrx_word' id='word_1_42' title='bbox 212 993 277 1056; x_wconf 85' lang='lat'>320</span> <span class='ocrx_word' id='word_1_43' title='bbox 299 976 480 1058; x_wconf 82' lang='lat' dir='ltr'>legendum</span> <span class='ocrx_word' id='word_1_44' title='bbox 504 995 577 1037; x_wconf 91' lang='lat' dir='ltr'>esse</span> <span class='ocrx_word' id='word_1_45' title='bbox 600 984 678 1057; x_wconf 89' lang='lat' dir='ltr'>post</span> <span class='ocrx_word' id='word_1_46' title='bbox 700 995 831 1038; x_wconf 89' lang='lat' dir='ltr'>versum</span> <span class='ocrx_word' id='word_1_47' title='bbox 856 990 937 1056; x_wconf 82' lang='lat'>325:</span> <span class='ocrx_word' id='word_1_48' title='bbox 961 972 1071 1039; x_wconf 86' lang='grc' dir='ltr'><em>τάλλοο</em></span> <span class='ocrx_word' id='word_1_49' title='bbox 1094 973 1144 1058; x_wconf 69' lang='grc' dir='ltr'>δ’ρῖ</span> <span class='ocrx_word' id='word_1_50' title='bbox 1167 978 1317 1058; x_wconf 86' lang='grc' dir='ltr'><em>τροθνμος</em></span> <span class='ocrx_word' id='word_1_51' title='bbox 1336 974 1384 1069; x_wconf 65' lang='grc' dir='ltr'>εἶθ</span> 
     </span>
     <span class='ocr_line' id='line_1_7' title="bbox 209 1092 1390 1183; baseline 0.003 -23"><span class='ocrx_word' id='word_1_52' title='bbox 209 1103 332 1172; x_wconf 80' lang='grc' dir='ltr'><em>κεντεῖν,</em></span> <span class='ocrx_word' id='word_1_53' title='bbox 357 1094 502 1177; x_wconf 81' lang='grc' dir='ltr'><em>Φονεάειν,</em></span> <span class='ocrx_word' id='word_1_54' title='bbox 526 1093 598 1159; x_wconf 72' lang='lat' dir='ltr'>iiras</span> <span class='ocrx_word' id='word_1_55' title='bbox 623 1093 738 1176; x_wconf 76' lang='grc' dir='ltr'><em>πέτροις</em></span> <span class='ocrx_word' id='word_1_56' title='bbox 760 1092 980 1183; x_wconf 69' lang='grc' dir='ltr'><em>άτοθΙτροῖσσ·</em></span> <span class='ocrx_word' id='word_1_57' title='bbox 1006 1098 1037 1161; x_wconf 87' lang='grc' dir='ltr'>οὐ</span> <span class='ocrx_word' id='word_1_58' title='bbox 1061 1097 1122 1178; x_wconf 72' lang='grc' dir='ltr'>γάρ</span> <span class='ocrx_word' id='word_1_59' title='bbox 1145 1098 1244 1173; x_wconf 70' lang='grc' dir='ltr'><em>άλκθρν</em></span> <span class='ocrx_word' id='word_1_60' title='bbox 1268 1097 1390 1180; x_wconf 81' lang='grc' dir='ltr'><em>ἔχομεν</em></span> 
     </span>
     <span class='ocr_line' id='line_1_8' title="bbox 210 1214 541 1294; baseline -0.003 -14"><span class='ocrx_word' id='word_1_61' title='bbox 210 1214 288 1280; x_wconf 71' lang='grc' dir='ltr'><em>ὥστε</em></span> <span class='ocrx_word' id='word_1_62' title='bbox 311 1217 356 1294; x_wconf 69' lang='grc' dir='ltr'>μὴ</span> <span class='ocrx_word' id='word_1_63' title='bbox 381 1217 413 1281; x_wconf 82' lang='grc' dir='ltr'>οὐ</span> <span class='ocrx_word' id='word_1_64' title='bbox 438 1217 541 1281; x_wconf 86' lang='grc' dir='ltr'><em>θοονεῖν.</em></span> 
     </span>
    </p>

    <p class='ocr_par' dir='ltr' id='par_1_4' title="bbox 209 1337 1408 2136">
     <span class='ocr_line' id='line_1_9' title="bbox 255 1337 1388 1422; baseline 0.005 -20"><span class='ocrx_word' id='word_1_65' title='bbox 255 1337 453 1421; x_wconf 88' lang='lat' dir='ltr'>Saepissime</span> <span class='ocrx_word' id='word_1_66' title='bbox 477 1339 684 1422; x_wconf 85' lang='lat' dir='ltr'>participium</span> <span class='ocrx_word' id='word_1_67' title='bbox 709 1339 772 1402; x_wconf 91' lang='lat' dir='ltr'>hoc</span> <span class='ocrx_word' id='word_1_68' title='bbox 797 1360 894 1403; x_wconf 92' lang='lat' dir='ltr'>sensu</span> <span class='ocrx_word' id='word_1_69' title='bbox 912 1340 1086 1404; x_wconf 87' lang='lat' dir='ltr'>adhibetur</span> <span class='ocrx_word' id='word_1_70' title='bbox 1102 1362 1122 1404; x_wconf 91' lang='lat' dir='ltr'>a</span> <span class='ocrx_word' id='word_1_71' title='bbox 1138 1351 1268 1406; x_wconf 88' lang='lat' dir='ltr'>nostro:</span> <span class='ocrx_word' id='word_1_72' title='bbox 1285 1343 1388 1408; x_wconf 90' lang='lat' dir='ltr'>Phoe-</span> 
     </span>
     <span class='ocr_line' id='line_1_10' title="bbox 210 1457 1408 1544; baseline 0.004 -20"><span class='ocrx_word' id='word_1_73' title='bbox 210 1462 285 1524; x_wconf 91' lang='lat' dir='ltr'>niss.</span> <span class='ocrx_word' id='word_1_74' title='bbox 302 1478 368 1540; x_wconf 90' lang='lat'>909</span> <span class='ocrx_word' id='word_1_75' title='bbox 392 1458 498 1536; x_wconf 78' lang='grc' dir='ltr'><em>βούλει</em></span> <span class='ocrx_word' id='word_1_76' title='bbox 514 1457 664 1540; x_wconf 85' lang='grc' dir='ltr'><em>τνράντος</em></span> <span class='ocrx_word' id='word_1_77' title='bbox 680 1457 762 1534; x_wconf 72' lang='grc' dir='ltr'><em>δῆτά</em></span> <span class='ocrx_word' id='word_1_78' title='bbox 779 1483 822 1524; x_wconf 92' lang='grc' dir='ltr'>σοι</span> <span class='ocrx_word' id='word_1_79' title='bbox 835 1457 944 1524; x_wconf 84' lang='grc' dir='ltr'><em>τούτου</em></span> <span class='ocrx_word' id='word_1_80' title='bbox 957 1457 1085 1541; x_wconf 71' lang='grc' dir='ltr'><em>Φράσιος</em></span> <span class='ocrx_word' id='word_1_81' title='bbox 1101 1501 1137 1510; x_wconf 87' lang='lat'>-—</span> <span class='ocrx_word' id='word_1_82' title='bbox 1153 1464 1205 1527; x_wconf 83' lang='lat' dir='ltr'>vis</span> <span class='ocrx_word' id='word_1_83' title='bbox 1211 1475 1392 1544; x_wconf 80' lang='lat' dir='ltr'>praesente</span> <span class='ocrx_word' id='word_1_84' title='bbox 1406 1459 1408 1463; x_wconf 64' lang='grc'><strong>’</strong></span> 
     </span>
     <span class='ocr_line' id='line_1_11' title="bbox 209 1581 1386 1668; baseline 0.006 -23"><span class='ocrx_word' id='word_1_85' title='bbox 209 1583 313 1666; x_wconf 83' lang='lat' dir='ltr'>igitur</span> <span class='ocrx_word' id='word_1_86' title='bbox 345 1583 403 1647; x_wconf 84' lang='lat' dir='ltr'>lroc</span> <span class='ocrx_word' id='word_1_87' title='bbox 435 1584 497 1646; x_wconf 80' lang='lat' dir='ltr'>tibi</span> <span class='ocrx_word' id='word_1_88' title='bbox 527 1581 653 1647; x_wconf 77' lang='lat' dir='ltr'>dz‘oami</span> <span class='ocrx_word' id='word_1_89' title='bbox 698 1583 829 1645; x_wconf 88' lang='lat' dir='ltr'>Deinde</span> <span class='ocrx_word' id='word_1_90' title='bbox 864 1581 977 1661; x_wconf 82' lang='grc' dir='ltr'><em>τοιράν,</em></span> <span class='ocrx_word' id='word_1_91' title='bbox 1011 1593 1046 1647; x_wconf 87' lang='lat' dir='ltr'>ut</span> <span class='ocrx_word' id='word_1_92' title='bbox 1076 1585 1194 1648; x_wconf 88' lang='lat' dir='ltr'>Latine</span> <span class='ocrx_word' id='word_1_93' title='bbox 1214 1597 1386 1668; x_wconf 78' lang='lat' dir='ltr'>praesens,</span> 
     </span>
     <span class='ocr_line' id='line_1_12' title="bbox 209 1703 1385 1793; baseline 0.004 -26"><span class='ocrx_word' id='word_1_94' title='bbox 209 1726 270 1787; x_wconf 90' lang='lat' dir='ltr'>pro</span> <span class='ocrx_word' id='word_1_95' title='bbox 300 1705 463 1768; x_wconf 86' lang='lat' dir='ltr'>adiectivo</span> <span class='ocrx_word' id='word_1_96' title='bbox 495 1703 642 1776; x_wconf 88' lang='lat' dir='ltr'>habetur,</span> <span class='ocrx_word' id='word_1_97' title='bbox 673 1703 850 1787; x_wconf 89' lang='lat' dir='ltr'>temporali</span> <span class='ocrx_word' id='word_1_98' title='bbox 881 1724 995 1767; x_wconf 89' lang='lat' dir='ltr'>sensu:</span> <span class='ocrx_word' id='word_1_99' title='bbox 1027 1704 1195 1772; x_wconf 89' lang='lat' dir='ltr'>Phoeniss.</span> <span class='ocrx_word' id='word_1_100' title='bbox 1228 1709 1312 1788; x_wconf 90' lang='lat'>1196</span> <span class='ocrx_word' id='word_1_101' title='bbox 1335 1731 1385 1793; x_wconf 90' lang='lat' dir='ltr'>sq.</span> 
     </span>
     <span class='ocr_line' id='line_1_13' title="bbox 210 1817 1391 1914; baseline 0.004 -25"><span class='ocrx_word' id='word_1_102' title='bbox 210 1824 334 1906; x_wconf 74' lang='grc' dir='ltr'><em>τθρνων</em></span> <span class='ocrx_word' id='word_1_103' title='bbox 376 1825 433 1902; x_wconf 78' lang='grc' dir='ltr'>μὲν</span> <span class='ocrx_word' id='word_1_104' title='bbox 475 1817 523 1888; x_wconf 77' lang='grc' dir='ltr'>οὖν</span> <span class='ocrx_word' id='word_1_105' title='bbox 561 1832 621 1901; x_wconf 60' lang='lat' dir='ltr'>tis</span> <span class='ocrx_word' id='word_1_106' title='bbox 655 1821 792 1904; x_wconf 79' lang='grc' dir='ltr'><em>ἔσχομεν</em></span> <span class='ocrx_word' id='word_1_107' title='bbox 825 1824 1104 1914; x_wconf 79' lang='grc' dir='ltr'><em>κοοτοοσκοοφάςΙΙὲς</em></span> <span class='ocrx_word' id='word_1_108' title='bbox 1137 1828 1194 1902; x_wconf 69' lang='grc' dir='ltr'>τὴν</span> <span class='ocrx_word' id='word_1_109' title='bbox 1229 1833 1391 1909; x_wconf 82' lang='grc' dir='ltr'><em>τοιροῦσοον</em></span> 
     </span>
     <span class='ocr_line' id='line_1_14' title="bbox 209 1947 1392 2031; baseline 0.005 -20"><span class='ocrx_word' id='word_1_110' title='bbox 209 1947 323 2028; x_wconf 75' lang='grc' dir='ltr'><em>ἡμέριον</em></span> <span class='ocrx_word' id='word_1_111' title='bbox 354 1985 398 1994; x_wconf 91' lang='grc'>-</span> <span class='ocrx_word' id='word_1_112' title='bbox 422 1949 564 2010; x_wconf 79' lang='lat' dir='ltr'>torrium</span> <span class='ocrx_word' id='word_1_113' title='bbox 596 1948 793 2011; x_wconf 81' lang='lat' dir='ltr'>eversionem</span> <span class='ocrx_word' id='word_1_114' title='bbox 825 1949 930 2031; x_wconf 75' lang='lat' dir='ltr'>o&#39;gr&#39;tm</span> <span class='ocrx_word' id='word_1_115' title='bbox 958 1959 1067 2012; x_wconf 86' lang='lat' dir='ltr'>terrae</span> <span class='ocrx_word' id='word_1_116' title='bbox 1088 1950 1322 2031; x_wconf 81' lang='lat' dir='ltr'>prohibuimus</span> <span class='ocrx_word' id='word_1_117' title='bbox 1352 1955 1392 2018; x_wconf 88' lang='lat' dir='ltr'>r&#39;n</span> 
     </span>
     <span class='ocr_line' id='line_1_15' title="bbox 210 2071 523 2136; baseline -0.01 -1"><span class='ocrx_word' id='word_1_118' title='bbox 210 2072 403 2136; x_wconf 75' lang='lat' dir='ltr'>hodzernnm</span> <span class='ocrx_word' id='word_1_119' title='bbox 427 2071 523 2134; x_wconf 73' lang='lat' dir='ltr'>daem.</span> 
     </span>
    </p>

    <p class='ocr_par' dir='ltr' id='par_1_5' title="bbox 208 2190 1394 2880">
     <span class='ocr_line' id='line_1_16' title="bbox 256 2190 1388 2280; baseline 0.002 -23"><span class='ocrx_word' id='word_1_120' title='bbox 256 2191 342 2273; x_wconf 81' lang='grc' dir='ltr'><em>πάροι</em></span> <span class='ocrx_word' id='word_1_121' title='bbox 358 2214 418 2276; x_wconf 92' lang='lat' dir='ltr'>pro</span> <span class='ocrx_word' id='word_1_122' title='bbox 436 2190 566 2272; x_wconf 80' lang='grc' dir='ltr'><em>πάρεστι</em></span> <span class='ocrx_word' id='word_1_123' title='bbox 581 2213 819 2276; x_wconf 89' lang='lat' dir='ltr'>nonnunquam</span> <span class='ocrx_word' id='word_1_124' title='bbox 836 2201 1009 2276; x_wconf 85' lang='lat' dir='ltr'>usurpatur</span> <span class='ocrx_word' id='word_1_125' title='bbox 1025 2194 1185 2280; x_wconf 78' lang='lat' dir='ltr'>absolute,</span> <span class='ocrx_word' id='word_1_126' title='bbox 1202 2195 1272 2257; x_wconf 89' lang='lat' dir='ltr'>sine</span> <span class='ocrx_word' id='word_1_127' title='bbox 1288 2216 1388 2259; x_wconf 90' lang='lat' dir='ltr'>casu:</span> 
     </span>
     <span class='ocr_line' id='line_1_17' title="bbox 211 2309 1389 2406; baseline -0.003 -28"><span class='ocrx_word' id='word_1_128' title='bbox 211 2315 342 2378; x_wconf 90' lang='lat' dir='ltr'>Helena</span> <span class='ocrx_word' id='word_1_129' title='bbox 364 2329 432 2392; x_wconf 84' lang='lat'>420</span> <span class='ocrx_word' id='word_1_130' title='bbox 455 2333 503 2394; x_wconf 92' lang='lat' dir='ltr'>sq.</span> <span class='ocrx_word' id='word_1_131' title='bbox 528 2309 597 2374; x_wconf 83' lang='grc' dir='ltr'><em>οὔτε</em></span> <span class='ocrx_word' id='word_1_132' title='bbox 612 2310 672 2392; x_wconf 71' lang='grc' dir='ltr'>γάρ</span> <span class='ocrx_word' id='word_1_133' title='bbox 689 2318 770 2382; x_wconf 88' lang='grc' dir='ltr'><em>σῖτος</em></span> <span class='ocrx_word' id='word_1_134' title='bbox 786 2309 873 2392; x_wconf 86' lang='grc' dir='ltr'><em>τάροι</em></span> <span class='ocrx_word' id='word_1_135' title='bbox 885 2309 896 2399; x_wconf 69' lang='grc' dir='ltr'><em>Η</em></span> <span class='ocrx_word' id='word_1_136' title='bbox 907 2309 970 2374; x_wconf 80' lang='grc' dir='ltr'><em>οὔτ’</em></span> <span class='ocrx_word' id='word_1_137' title='bbox 987 2310 1077 2392; x_wconf 72' lang='grc' dir='ltr'><em>ἀμφὶ·</em></span> <span class='ocrx_word' id='word_1_138' title='bbox 1093 2313 1191 2406; x_wconf 82' lang='grc' dir='ltr'><em>χρῶτ’</em></span> <span class='ocrx_word' id='word_1_139' title='bbox 1210 2311 1332 2387; x_wconf 73' lang='grc' dir='ltr'><em>ἐσθῆτες</em></span> <span class='ocrx_word' id='word_1_140' title='bbox 1344 2352 1389 2364; x_wconf 91' lang='lat'><em>-</em></span> 
     </span>
     <span class='ocr_line' id='line_1_18' title="bbox 210 2427 1387 2520; baseline 0.001 -20"><span class='ocrx_word' id='word_1_141' title='bbox 210 2436 419 2520; x_wconf 84' lang='lat' dir='ltr'>nequeenim</span> <span class='ocrx_word' id='word_1_142' title='bbox 442 2434 532 2497; x_wconf 88' lang='lat' dir='ltr'>cibus</span> <span class='ocrx_word' id='word_1_143' title='bbox 555 2435 656 2507; x_wconf 87' lang='lat' dir='ltr'>adest,</span> <span class='ocrx_word' id='word_1_144' title='bbox 681 2456 783 2518; x_wconf 84' lang='lat' dir='ltr'>neque</span> <span class='ocrx_word' id='word_1_145' title='bbox 804 2445 908 2499; x_wconf 87' lang='lat' dir='ltr'>vestes</span> <span class='ocrx_word' id='word_1_146' title='bbox 931 2435 1015 2498; x_wconf 80' lang='lat' dir='ltr'>cz&#39;rca</span> <span class='ocrx_word' id='word_1_147' title='bbox 1038 2427 1182 2516; x_wconf 51' lang='lat' dir='ltr'>corpnss</span> <span class='ocrx_word' id='word_1_148' title='bbox 1206 2436 1243 2499; x_wconf 91' lang='lat' dir='ltr'>In</span> <span class='ocrx_word' id='word_1_149' title='bbox 1266 2438 1387 2501; x_wconf 89' lang='lat' dir='ltr'>eadem</span> 
     </span>
     <span class='ocr_line' id='line_1_19' title="bbox 209 2538 1394 2642; baseline 0.001 -22"><span class='ocrx_word' id='word_1_150' title='bbox 209 2558 380 2640; x_wconf 86' lang='lat' dir='ltr'>tragoedia</span> <span class='ocrx_word' id='word_1_151' title='bbox 403 2577 451 2619; x_wconf 87' lang='lat' dir='ltr'>vs.</span> <span class='ocrx_word' id='word_1_152' title='bbox 475 2556 542 2618; x_wconf 88' lang='lat'>626</span> <span class='ocrx_word' id='word_1_153' title='bbox 565 2577 613 2638; x_wconf 90' lang='lat' dir='ltr'>sq.</span> <span class='ocrx_word' id='word_1_154' title='bbox 637 2554 650 2618; x_wconf 80' lang='grc' dir='ltr'><em>ὃ</em></span> <span class='ocrx_word' id='word_1_155' title='bbox 674 2554 731 2631; x_wconf 83' lang='grc' dir='ltr'>μὲν</span> <span class='ocrx_word' id='word_1_156' title='bbox 755 2551 1042 2642; x_wconf 61' lang='grc' dir='ltr'><em>χρόνοςθθτοιλοοιὸς,</em></span> <span class='ocrx_word' id='word_1_157' title='bbox 1068 2556 1085 2628; x_wconf 81' lang='grc' dir='ltr'>ἡ</span> <span class='ocrx_word' id='word_1_158' title='bbox 1110 2555 1143 2618; x_wconf 77' lang='grc' dir='ltr'>δὲ</span> <span class='ocrx_word' id='word_1_159' title='bbox 1159 2538 1264 2636; x_wconf 78' lang='grc' dir='ltr'><em>τέρψις</em></span> <span class='ocrx_word' id='word_1_160' title='bbox 1279 2555 1394 2636; x_wconf 80' lang='grc' dir='ltr'><em>άρτῖως</em></span> 
     </span>
     <span class='ocr_line' id='line_1_20' title="bbox 210 2674 1391 2760; baseline 0.003 -20"><span class='ocrx_word' id='word_1_161' title='bbox 210 2674 296 2756; x_wconf 88' lang='grc' dir='ltr'><em>τάροι</em></span> <span class='ocrx_word' id='word_1_162' title='bbox 327 2714 371 2725; x_wconf 94' lang='lat'>-</span> <span class='ocrx_word' id='word_1_163' title='bbox 404 2688 530 2759; x_wconf 86' lang='lat' dir='ltr'>tempus</span> <span class='ocrx_word' id='word_1_164' title='bbox 565 2678 696 2760; x_wconf 86' lang='lat' dir='ltr'>quidem</span> <span class='ocrx_word' id='word_1_165' title='bbox 729 2676 863 2759; x_wconf 85' lang='lat' dir='ltr'>longum</span> <span class='ocrx_word' id='word_1_166' title='bbox 899 2687 980 2751; x_wconf 85' lang='lat' dir='ltr'>erat,</span> <span class='ocrx_word' id='word_1_167' title='bbox 1015 2678 1167 2758; x_wconf 81' lang='lat' dir='ltr'>voluptas</span> <span class='ocrx_word' id='word_1_168' title='bbox 1197 2698 1273 2742; x_wconf 84' lang='lat' dir='ltr'>vero</span> <span class='ocrx_word' id='word_1_169' title='bbox 1303 2699 1391 2743; x_wconf 87' lang='lat' dir='ltr'>nnnc</span> 
     </span>
     <span class='ocr_line' id='line_1_21' title="bbox 208 2797 1105 2880; baseline -0.003 -17"><span class='ocrx_word' id='word_1_170' title='bbox 208 2801 310 2863; x_wconf 86' lang='lat' dir='ltr'>adest.</span> <span class='ocrx_word' id='word_1_171' title='bbox 358 2799 431 2862; x_wconf 93' lang='lat' dir='ltr'>Hoc</span> <span class='ocrx_word' id='word_1_172' title='bbox 456 2819 515 2860; x_wconf 89' lang='lat' dir='ltr'>usu</span> <span class='ocrx_word' id='word_1_173' title='bbox 539 2797 713 2880; x_wconf 88' lang='lat' dir='ltr'>Euripides</span> <span class='ocrx_word' id='word_1_174' title='bbox 737 2798 779 2861; x_wconf 89' lang='lat' dir='ltr'>ab</span> <span class='ocrx_word' id='word_1_175' title='bbox 804 2797 874 2860; x_wconf 91' lang='lat' dir='ltr'>aliis</span> <span class='ocrx_word' id='word_1_176' title='bbox 898 2819 965 2860; x_wconf 92' lang='lat' dir='ltr'>non</span> <span class='ocrx_word' id='word_1_177' title='bbox 988 2797 1105 2860; x_wconf 85' lang='lat' dir='ltr'>differt.</span> 
     </span>
    </p>
   </div>
   <div class='ocr_carea' id='block_1_4' title="bbox 210 3032 1397 4337">
    <p class='ocr_par' dir='ltr' id='par_1_6' title="bbox 210 3032 1392 3242">
     <span class='ocr_line' id='line_1_22' title="bbox 255 3032 1392 3117; baseline -0.004 -13"><span class='ocrx_word' id='word_1_178' title='bbox 255 3039 289 3104; x_wconf 81' lang='lat' dir='ltr'>b.</span> <span class='ocrx_word' id='word_1_179' title='bbox 338 3036 446 3101; x_wconf 90' lang='lat' dir='ltr'>Cum</span> <span class='ocrx_word' id='word_1_180' title='bbox 482 3037 650 3100; x_wconf 91' lang='lat' dir='ltr'>dativo</span> <span class='ocrx_word' id='word_1_181' title='bbox 682 3041 820 3115; x_wconf 87' lang='grc' dir='ltr'><em>τοιρεῖνοοι</em></span> <span class='ocrx_word' id='word_1_182' title='bbox 849 3035 1066 3117; x_wconf 84' lang='lat' dir='ltr'>coniungitur,</span> <span class='ocrx_word' id='word_1_183' title='bbox 1092 3045 1127 3097; x_wconf 91' lang='lat' dir='ltr'>ut</span> <span class='ocrx_word' id='word_1_184' title='bbox 1150 3032 1309 3098; x_wconf 84' lang='lat' dir='ltr'>indicetur</span> <span class='ocrx_word' id='word_1_185' title='bbox 1331 3039 1392 3101; x_wconf 86' lang='lat' dir='ltr'>ali-</span> 
     </span>
     <span class='ocr_line' id='line_1_23' title="bbox 210 3150 1392 3242; baseline -0.001 -20"><span class='ocrx_word' id='word_1_186' title='bbox 210 3180 311 3242; x_wconf 89' lang='lat' dir='ltr'>quem</span> <span class='ocrx_word' id='word_1_187' title='bbox 343 3166 400 3221; x_wconf 85' lang='lat' dir='ltr'>aut</span> <span class='ocrx_word' id='word_1_188' title='bbox 423 3157 545 3240; x_wconf 85' lang='lat' dir='ltr'>aliquid</span> <span class='ocrx_word' id='word_1_189' title='bbox 569 3159 603 3220; x_wconf 91' lang='lat' dir='ltr'>in</span> <span class='ocrx_word' id='word_1_190' title='bbox 627 3159 793 3222; x_wconf 90' lang='lat' dir='ltr'>vicinitate</span> <span class='ocrx_word' id='word_1_191' title='bbox 816 3157 952 3220; x_wconf 86' lang='lat' dir='ltr'>alicuius</span> <span class='ocrx_word' id='word_1_192' title='bbox 973 3177 1134 3240; x_wconf 89' lang='lat' dir='ltr'>personae</span> <span class='ocrx_word' id='word_1_193' title='bbox 1158 3150 1211 3220; x_wconf 82' lang='lat' dir='ltr'>uel</span> <span class='ocrx_word' id='word_1_194' title='bbox 1233 3161 1279 3221; x_wconf 89' lang='lat' dir='ltr'>rei</span> <span class='ocrx_word' id='word_1_195' title='bbox 1303 3180 1392 3223; x_wconf 89' lang='lat' dir='ltr'>esse..</span> 
     </span>
    </p>

    <p class='ocr_par' dir='ltr' id='par_1_7' title="bbox 210 3274 1397 4337">
     <span class='ocr_line' id='line_1_24' title="bbox 261 3274 1388 3369; baseline 0 -27"><span class='ocrx_word' id='word_1_196' title='bbox 261 3299 287 3343; x_wconf 91' lang='lat'>1.</span> <span class='ocrx_word' id='word_1_197' title='bbox 334 3280 530 3343; x_wconf 89' lang='lat' dir='ltr'>Localis</span> <span class='ocrx_word' id='word_1_198' title='bbox 565 3299 685 3342; x_wconf 89' lang='lat' dir='ltr'>usus.</span> <span class='ocrx_word' id='word_1_199' title='bbox 717 3316 762 3325; x_wconf 94' lang='lat'>—</span> <span class='ocrx_word' id='word_1_200' title='bbox 793 3279 913 3343; x_wconf 87' lang='lat' dir='ltr'>Medea</span> <span class='ocrx_word' id='word_1_201' title='bbox 948 3295 1028 3359; x_wconf 84' lang='lat'>1053</span> <span class='ocrx_word' id='word_1_202' title='bbox 1062 3300 1135 3361; x_wconf 89' lang='lat' dir='ltr'>sqq.</span> <span class='ocrx_word' id='word_1_203' title='bbox 1167 3274 1225 3360; x_wconf 78' lang='grc' dir='ltr'><em>ῖτιρ</em></span> <span class='ocrx_word' id='word_1_204' title='bbox 1256 3279 1290 3342; x_wconf 76' lang='grc' dir='ltr'>δὲ</span> <span class='ocrx_word' id='word_1_205' title='bbox 1317 3279 1388 3369; x_wconf 58' lang='lat' dir='ltr'>atrii</span> 
     </span>
     <span class='ocr_line' id='line_1_25' title="bbox 212 3396 1394 3487; baseline 0.002 -23"><span class='ocrx_word' id='word_1_206' title='bbox 212 3400 293 3478; x_wconf 84' lang='grc' dir='ltr'><em>θέμις</em></span> <span class='ocrx_word' id='word_1_207' title='bbox 317 3406 455 3482; x_wconf 85' lang='grc' dir='ltr'><em>τοορεῖνοοι</em></span> <span class='ocrx_word' id='word_1_208' title='bbox 478 3406 541 3471; x_wconf 89' lang='grc' dir='ltr'><em>τοῖς</em></span> <span class='ocrx_word' id='word_1_209' title='bbox 564 3399 661 3476; x_wconf 82' lang='grc' dir='ltr'><em>ἐμοῖσι</em></span> <span class='ocrx_word' id='word_1_210' title='bbox 686 3396 943 3487; x_wconf 46' lang='lat' dir='ltr'>&amp;pantomimi</span> <span class='ocrx_word' id='word_1_211' title='bbox 968 3399 1097 3475; x_wconf 72' lang='grc' dir='ltr'><em>μελήσει</em></span> <span class='ocrx_word' id='word_1_212' title='bbox 1122 3437 1161 3446; x_wconf 96' lang='grc'>-</span> <span class='ocrx_word' id='word_1_213' title='bbox 1186 3401 1240 3464; x_wconf 86' lang='lat' dir='ltr'>oni</span> <span class='ocrx_word' id='word_1_214' title='bbox 1253 3423 1315 3466; x_wconf 93' lang='lat' dir='ltr'>non</span> <span class='ocrx_word' id='word_1_215' title='bbox 1321 3405 1394 3483; x_wconf 48' lang='lat' dir='ltr'>fas*</span> 
     </span>
     <span class='ocr_line' id='line_1_26' title="bbox 210 3522 1388 3606; baseline 0.001 -20"><span class='ocrx_word' id='word_1_216' title='bbox 210 3534 261 3587; x_wconf 90' lang='lat' dir='ltr'>est</span> <span class='ocrx_word' id='word_1_217' title='bbox 291 3525 406 3586; x_wconf 85' lang='lat' dir='ltr'>adesse</span> <span class='ocrx_word' id='word_1_218' title='bbox 438 3523 519 3585; x_wconf 78' lang='lat' dir='ltr'>eneis</span> <span class='ocrx_word' id='word_1_219' title='bbox 551 3522 730 3606; x_wconf 68' lang='lat' dir='ltr'>sacrificiis</span> <span class='ocrx_word' id='word_1_220' title='bbox 766 3522 832 3604; x_wconf 82' lang='lat' dir='ltr'>ipsi</span> <span class='ocrx_word' id='word_1_221' title='bbox 860 3542 957 3585; x_wconf 87' lang='lat' dir='ltr'>curae</span> <span class='ocrx_word' id='word_1_222' title='bbox 987 3523 1058 3585; x_wconf 83' lang='lat' dir='ltr'>erit.</span> <span class='ocrx_word' id='word_1_223' title='bbox 1105 3522 1234 3585; x_wconf 90' lang='lat' dir='ltr'>Eodem</span> <span class='ocrx_word' id='word_1_224' title='bbox 1266 3525 1388 3587; x_wconf 91' lang='lat' dir='ltr'>modo:</span> 
     </span>
     <span class='ocr_line' id='line_1_27' title="bbox 212 3636 1397 3730; baseline 0 -22"><span class='ocrx_word' id='word_1_225' title='bbox 212 3644 346 3709; x_wconf 86' lang='lat' dir='ltr'>Orestes</span> <span class='ocrx_word' id='word_1_226' title='bbox 366 3661 425 3723; x_wconf 83' lang='lat'>132</span> <span class='ocrx_word' id='word_1_227' title='bbox 443 3665 491 3725; x_wconf 91' lang='lat' dir='ltr'>sq.</span> <span class='ocrx_word' id='word_1_228' title='bbox 508 3639 576 3707; x_wconf 76' lang='grc' dir='ltr'>οἵδ’</span> <span class='ocrx_word' id='word_1_229' title='bbox 593 3636 633 3707; x_wconf 79' lang='grc' dir='ltr'>οὗ</span> <span class='ocrx_word' id='word_1_230' title='bbox 649 3640 767 3723; x_wconf 86' lang='grc' dir='ltr'><em>τάρεισι</em></span> <span class='ocrx_word' id='word_1_231' title='bbox 783 3648 846 3713; x_wconf 86' lang='grc' dir='ltr'><em>τοῖς</em></span> <span class='ocrx_word' id='word_1_232' title='bbox 863 3641 945 3719; x_wconf 80' lang='grc' dir='ltr'><em>ἐμοῖς</em></span> <span class='ocrx_word' id='word_1_233' title='bbox 961 3642 1124 3722; x_wconf 77' lang='grc' dir='ltr'><em>θρννθμοοσι</em></span> <span class='ocrx_word' id='word_1_234' title='bbox 1135 3640 1146 3730; x_wconf 65' lang='grc' dir='ltr'>Η</span> <span class='ocrx_word' id='word_1_235' title='bbox 1157 3642 1249 3722; x_wconf 81' lang='grc' dir='ltr'><em>Φίλοιι</em></span> <span class='ocrx_word' id='word_1_236' title='bbox 1265 3640 1397 3722; x_wconf 53' lang='lat' dir='ltr'>inopias</span> 
     </span>
     <span class='ocr_line' id='line_1_28' title="bbox 214 3765 1388 3830; baseline -0.001 -1"><span class='ocrx_word' id='word_1_237' title='bbox 214 3806 251 3813; x_wconf 94' lang='lat'><strong>—</strong></span> <span class='ocrx_word' id='word_1_238' title='bbox 265 3788 383 3830; x_wconf 89' lang='lat' dir='ltr'>rnrsns</span> <span class='ocrx_word' id='word_1_239' title='bbox 406 3768 530 3830; x_wconf 84' lang='lat' dir='ltr'>adsunt</span> <span class='ocrx_word' id='word_1_240' title='bbox 551 3773 630 3829; x_wconf 87' lang='lat' dir='ltr'>meis</span> <span class='ocrx_word' id='word_1_241' title='bbox 654 3766 806 3830; x_wconf 81' lang='lat' dir='ltr'>lamentis</span> <span class='ocrx_word' id='word_1_242' title='bbox 821 3769 918 3829; x_wconf 71' lang='lat' dir='ltr'>carae</span> <span class='ocrx_word' id='word_1_243' title='bbox 933 3767 1046 3829; x_wconf 84' lang='lat' dir='ltr'>sociae.</span> <span class='ocrx_word' id='word_1_244' title='bbox 1094 3767 1248 3828; x_wconf 89' lang='lat' dir='ltr'>Nascitur</span> <span class='ocrx_word' id='word_1_245' title='bbox 1264 3787 1306 3828; x_wconf 86' lang='lat' dir='ltr'>cx</span> <span class='ocrx_word' id='word_1_246' title='bbox 1322 3765 1388 3828; x_wconf 92' lang='lat' dir='ltr'>hoc</span> 
     </span>
     <span class='ocr_line' id='line_1_29' title="bbox 211 3885 1385 3971; baseline -0.002 -20"><span class='ocrx_word' id='word_1_247' title='bbox 211 3910 270 3952; x_wconf 93' lang='lat' dir='ltr'>usu</span> <span class='ocrx_word' id='word_1_248' title='bbox 305 3887 500 3971; x_wconf 86' lang='lat' dir='ltr'>significatio</span> <span class='ocrx_word' id='word_1_249' title='bbox 534 3888 688 3953; x_wconf 90' lang='lat' dir='ltr'>habendi.</span> <span class='ocrx_word' id='word_1_250' title='bbox 725 3885 859 3967; x_wconf 86' lang='grc' dir='ltr'><em>τάρεστῖ</em></span> <span class='ocrx_word' id='word_1_251' title='bbox 892 3885 946 3963; x_wconf 79' lang='grc' dir='ltr'><em>μοι’</em></span> <span class='ocrx_word' id='word_1_252' title='bbox 977 3910 1007 3950; x_wconf 92' lang='grc' dir='ltr'>τι</span> <span class='ocrx_word' id='word_1_253' title='bbox 1038 3923 1082 3936; x_wconf 93' lang='lat'>-</span> <span class='ocrx_word' id='word_1_254' title='bbox 1108 3888 1210 3950; x_wconf 78' lang='lat' dir='ltr'>habeo</span> <span class='ocrx_word' id='word_1_255' title='bbox 1245 3888 1385 3970; x_wconf 68' lang='lat' dir='ltr'>aliquod.</span> 
     </span>
     <span class='ocr_line' id='line_1_30' title="bbox 212 4004 1390 4096; baseline -0.002 -24"><span class='ocrx_word' id='word_1_256' title='bbox 212 4009 448 4073; x_wconf 89' lang='lat' dir='ltr'>Andromache</span> <span class='ocrx_word' id='word_1_257' title='bbox 472 4026 538 4090; x_wconf 83' lang='lat'>939</span> <span class='ocrx_word' id='word_1_258' title='bbox 561 4030 609 4090; x_wconf 90' lang='lat' dir='ltr'>sq.</span> <span class='ocrx_word' id='word_1_259' title='bbox 635 4007 668 4071; x_wconf 84' lang='grc' dir='ltr'>τι’</span> <span class='ocrx_word' id='word_1_260' title='bbox 687 4007 748 4088; x_wconf 72' lang='grc' dir='ltr'>γάρ</span> <span class='ocrx_word' id='word_1_261' title='bbox 773 4032 814 4085; x_wconf 89' lang='grc' dir='ltr'>με</span> <span class='ocrx_word' id='word_1_262' title='bbox 838 4017 917 4088; x_wconf 74' lang='grc' dir='ltr'><em>χρῆν</em></span> <span class='ocrx_word' id='word_1_263' title='bbox 932 4007 943 4096; x_wconf 63' lang='grc' dir='ltr'>ξθ</span> <span class='ocrx_word' id='word_1_264' title='bbox 958 4007 1046 4071; x_wconf 82' lang='grc' dir='ltr'><em>τάσιν</em></span> <span class='ocrx_word' id='word_1_265' title='bbox 1063 4005 1234 4090; x_wconf 74' lang='grc' dir='ltr'><em>φυλάσσειν</em></span> <span class='ocrx_word' id='word_1_266' title='bbox 1251 4004 1269 4088; x_wconf 68' lang='grc' dir='ltr'><em>ᾗ</em></span> <span class='ocrx_word' id='word_1_267' title='bbox 1285 4015 1390 4087; x_wconf 66' lang='lat' dir='ltr'>raptio</span> 
     </span>
     <span class='ocr_line' id='line_1_31' title="bbox 212 4128 1387 4215; baseline -0.002 -21"><span class='ocrx_word' id='word_1_268' title='bbox 212 4128 284 4195; x_wconf 75' lang='grc' dir='ltr'><em>ὅσον</em></span> <span class='ocrx_word' id='word_1_269' title='bbox 308 4129 384 4206; x_wconf 73' lang='grc' dir='ltr'><em>ἔδεις</em></span> <span class='ocrx_word' id='word_1_270' title='bbox 403 4168 446 4179; x_wconf 92' lang='grc'><strong>-</strong></span> <span class='ocrx_word' id='word_1_271' title='bbox 470 4132 554 4215; x_wconf 86' lang='lat' dir='ltr'>qnid</span> <span class='ocrx_word' id='word_1_272' title='bbox 569 4133 655 4194; x_wconf 86' lang='lat' dir='ltr'>enim</span> <span class='ocrx_word' id='word_1_273' title='bbox 678 4131 843 4213; x_wconf 83' lang='lat' dir='ltr'>oportebat</span> <span class='ocrx_word' id='word_1_274' title='bbox 864 4153 916 4195; x_wconf 84' lang='lat' dir='ltr'>one</span> <span class='ocrx_word' id='word_1_275' title='bbox 930 4132 970 4195; x_wconf 87' lang='lat' dir='ltr'>de</span> <span class='ocrx_word' id='word_1_276' title='bbox 985 4133 1104 4194; x_wconf 77' lang='lat' dir='ltr'>marato</span> <span class='ocrx_word' id='word_1_277' title='bbox 1120 4152 1188 4193; x_wconf 87' lang='lat' dir='ltr'>esse</span> <span class='ocrx_word' id='word_1_278' title='bbox 1202 4131 1387 4204; x_wconf 83' lang='lat' dir='ltr'>sollicitam,</span> 
     </span>
     <span class='ocr_line' id='line_1_32' title="bbox 211 4247 1393 4337; baseline -0.003 -19"><span class='ocrx_word' id='word_1_279' title='bbox 211 4255 266 4318; x_wconf 85' lang='lat' dir='ltr'>oni</span> <span class='ocrx_word' id='word_1_280' title='bbox 305 4254 448 4319; x_wconf 82' lang='lat' dir='ltr'>aderant</span> <span class='ocrx_word' id='word_1_281' title='bbox 478 4253 594 4337; x_wconf 79' lang='lat' dir='ltr'>onibus</span> <span class='ocrx_word' id='word_1_282' title='bbox 627 4264 706 4334; x_wconf 82' lang='lat' dir='ltr'>opus</span> <span class='ocrx_word' id='word_1_283' title='bbox 740 4253 831 4317; x_wconf 80' lang='lat' dir='ltr'>erat?</span> <span class='ocrx_word' id='word_1_284' title='bbox 883 4253 1025 4316; x_wconf 87' lang='lat' dir='ltr'>Alcestis</span> <span class='ocrx_word' id='word_1_285' title='bbox 1066 4271 1107 4333; x_wconf 84' lang='lat'>59</span> <span class='ocrx_word' id='word_1_286' title='bbox 1146 4255 1239 4316; x_wconf 77' lang='grc' dir='ltr'><em>θνοῖτ’</em></span> <span class='ocrx_word' id='word_1_287' title='bbox 1272 4249 1308 4314; x_wconf 86' lang='grc' dir='ltr'>άν</span> <span class='ocrx_word' id='word_1_288' title='bbox 1345 4247 1393 4325; x_wconf 80' lang='grc' dir='ltr'>οἷς</span> 
     </span>
    </p>
   </div>
   <div class='ocr_carea' id='block_1_5' title="bbox 0 0 1524 4808">
    <p class='ocr_par' dir='ltr' id='par_1_8' title="bbox 0 0 1524 4808">
     <span class='ocr_line' id='line_1_33' title="bbox 0 0 1524 4808; baseline 0 0"><span class='ocrx_word' id='word_1_289' title='bbox 0 0 1524 4808; x_wconf 95' lang='lat' dir='ltr'> </span> 
     </span>
    </p>
   </div>
  </div>
 </body>
</html>
