3038 4808
336 339 609 424 παρέρχεσθαι-
633 339 782 422 παριίνειν
804 380 849 389 -
874 341 1096 423 παραπίπτειν.
1264 359 1307 425 57

131 526 262 607 μέλεσθε
284 565 327 575 -
352 530 404 603 ite,
436 529 566 592 comites
573 552 585 606 ,·
615 539 647 592 et
674 529 868 612 introgressi
896 531 1038 604 domum,
1069 531 1154 594 cibos
1185 542 1305 595 curate.

126 652 210 715 Item
232 651 354 714 Medea
381 666 464 732 1137
489 671 561 732 sqq.
585 648 652 714 ε’πεί
676 650 785 714 τέκνων
809 655 867 715 σῶν
883 645 956 724 ἦλθε
973 649 1129 732 δίπτυχοι
1145 650 1307 740 χονθρΙΙσὺν

128 771 225 853 πατρί
248 770 300 836 καὶ
325 772 461 852 παρῆλθε
483 770 653 851 νυμφικοὺς
676 769 951 860 δθριονςΙΙῆσθηριεν
975 811 1016 820 -
1034 784 1212 857 postquam
1230 776 1306 838 libo-

125 915 239 959 rorum
271 905 400 958 tuorum
432 895 569 958 aduenit
584 895 721 978 gemina
743 894 870 958 suboles
892 917 963 958 curu
978 905 1079 976 patre
1101 907 1133 958 et
1154 897 1308 980 ingressa

127 1027 177 1082 est
196 1016 384 1098 coniugales
406 1016 514 1091 aedes,
532 1016 651 1099 gavisi
670 1037 792 1080 sarnus.
840 1016 877 1079 In
894 1019 1012 1080 eadem
1029 1016 1141 1080 sabula
1156 1037 1204 1079 vs.
1223 1032 1303 1098 1205

129 1135 218 1218 σ’ίφνοι
244 1137 401 1217 παρελθὼν
425 1135 516 1214 δῶμα
541 1136 718 1217 προσπίτνει
743 1137 830 1217 νεκρῷ
853 1139 1025 1201 -subito
1049 1139 1217 1222 ingressus
1239 1160 1309 1202 con-

128 1260 228 1336 claue,
251 1260 355 1324 irruit
376 1260 410 1323 in
433 1271 607 1324 mortuam.
655 1260 745 1342 Apte
763 1261 903 1322 mutavit
916 1259 1084 1338 προσελθών
1101 1261 1134 1322 in
1151 1261 1311 1340 παρελθών

129 1381 313 1458 Nauckius;
339 1381 479 1444 molesta
503 1383 590 1444 enim
614 1389 663 1444 est
685 1382 814 1445 iteratio
830 1381 1011 1444 eorundem
1028 1383 1306 1464 compositorum

129 1513 301 1585 praeterea
325 1503 494 1589 notionem
517 1502 722 1585 ingrediendi
739 1510 979 1584 exspectamus.
1028 1503 1196 1582 προσελθεῖν
1214 1503 1311 1580 δῶμα

129 1643 207 1688 vero
241 1633 291 1687 est
321 1623 416 1688 adire
445 1622 586 1697 domurn,
619 1645 681 1686 non
713 1623 839 1687 intrare
846 1645 858 1699 ,·
884 1622 1027 1686 Glauces
1050 1644 1168 1705 corpus
1192 1633 1305 1688 autern

130 1746 215 1808 intus
238 1746 333 1808 iacet.

173 1868 326 1948 Denique
363 1864 569 1946 παρέρχεσθαι
603 1887 678 1929 cum
709 1867 896 1930 accusativo
926 1865 990 1929 loci
1020 1866 1158 1948 legimus
1188 1867 1310 1931 Medea

135 2000 213 2067 1275
242 1985 381 2066 παρέλθοι
405 1985 534 2065 δθρεοος;
552 2025 595 2034 -
611 1987 782 2071 ingrediar
795 1985 951 2051 σὀνιιαιαθ
998 1988 1090 2050 Haec
1107 1991 1310 2052 constructio

131 2108 221 2171 verbi
256 2105 464 2188 παρέρχεσθαι
495 2130 571 2172 cum
595 2110 782 2172 accusativo
806 2107 880 2183 loci,
902 2109 1094 2190 praesertim
1118 2129 1193 2171 cum
1216 2131 1310 2173 accu-

129 2229 242 2292 sativis
260 2226 372 2306 δίριονς
388 2240 422 2294 et
437 2229 537 2307 δῶμα,
555 2231 703 2313 Euripidi
715 2231 889 2313 peculiaris
906 2231 1034 2294 videtur
1050 2230 1158 2294 fuisse.
1205 2233 1309 2316 Apud

130 2349 330 2434 Sophoclem
348 2350 504 2431 παραστεί
503 2374 571 2431 χειν
586 2352 632 2414 sic
645 2361 838 2434 usurpatum
854 2354 1033 2435 reperimus
1046 2354 1205 2437 Antigon.
1225 2369 1281 2434 125
1289 2368 1305 2434 5

132 2469 243 2549 δόμους
268 2471 542 2553 παραστείχοντες.
591 2471 746 2536 Ceterum
772 2473 814 2535 de
837 2472 901 2537 hoc
924 2476 1109 2556 composito
1132 2476 1209 2538 vide
1225 2495 1311 2557 quae

127 2614 227 2678 supra
249 2595 392 2658 diximus
414 2595 458 2678 (p.
483 2613 525 2676 34
548 2595 642 2678 sqq.).

179 2786 340 2869 uupoiusu.

175 2962 259 3026 Cum
290 2961 499 3044 praecedenti
531 2960 635 3023 verbo
666 2969 744 3043 apte
776 2960 923 3023 conferre
956 2981 1129 3042 possumus
1158 2956 1311 3039 παροίχειν

130 3087 221 3168 quod
252 3084 373 3146 Electr.
407 3085 471 3164 787
504 3103 574 3164 sqq.
607 3090 782 3164 usurpatur
804 3083 938 3145 notione
963 3083 1208 3145 introducendi:
1232 3081 1307 3144 ἀλλ’

131 3201 223 3283 lauru
248 3205 278 3275 ἐς
301 3202 422 3281 δθροονς.
434 3201 508 3292 linai
532 3204 617 3267 ταῦθ’
637 3197 695 3280 o‘o'u’
713 3201 836 3283 ἧγθρενε
855 3201 910 3266 καὶ
927 3202 1016 3283 χερὸς
1031 3199 1160 3290 indidi
1173 3210 1310 3281 παρῆγεν

131 3328 215 3404 ἡμᾶς
236 3365 281 3374 —-
303 3328 365 3390 sed
391 3326 620 3409 ingrediamur
647 3326 788 3389 domurn.
821 3326 994 3408 Simulque
1023 3324 1104 3388 hoec
1132 3324 1259 3387 dicebat
1279 3336 1311 3388 et

130 3469 232 3512 manu
247 3447 415 3530 prehensa
431 3447 654 3512 introducebat
668 3469 734 3510 nos.
782 3446 867 3510 Item
885 3446 1067 3527 Sophocles
1083 3446 1203 3508 Electr.
1225 3448 1308 3526 1383

131 3566 311 3650 παροίχεται
335 3567 402 3633 εἴσω
427 3567 556 3645 στέγας.

177 3686 245 3751 Sed
270 3690 312 3752 de
336 3688 399 3751 hoc
422 3687 524 3750 verbo
548 3687 622 3749 vide
646 3708 678 3769 p.
707 3699 756 3766 53.

179 3880 401 3962 παραπίπτειν.

177 4051 328 4115 Verbum
353 4049 566 4131 παραπίπτειν
589 4051 691 4114 semel
714 4050 804 4132 apud
828 4057 974 4112 nostrum
990 4049 1151 4132 tragicum
1168 4049 1311 4113 occurrit

132 4172 243 4237 Orest.
279 4189 362 4254 1174
393 4193 440 4255 sq.
474 4169 503 4236 εί
530 4171 617 4235 ποθεν
644 4166 785 4244 isauros
809 4167 983 4250 παραπέσοι
1007 4166 1311 4256 σωτηρίαΙίκτανοῦσι

133 4293 179 4372 μὴ
205 4295 336 4358 θανοῦσιν
359 4331 403 4343 -
427 4296 460 4358 si
480 4295 629 4358 alicunde
651 4295 819 4376 insperata
842 4294 1004 4357 accederet
1015 4294 1108 4356 salus
1123 4288 1309 4353 necantibus
