3038 4808
477 322 806 406 παραλαμβάνειν-
829 330 992 406 παραιρεῖν.
1280 343 1324 408 43

148 511 213 577 alia
246 510 382 575 muliere
421 531 542 594 pueros
581 511 741 594 genuerit,
781 510 858 574 licet
897 532 917 574 a
956 511 1079 576 Creusa
1107 512 1326 577 hereditatem

146 634 288 716 adeptus
310 633 361 696 sit.

192 754 360 818 Postremo
391 751 654 836 παραλαμβάνειν
685 755 844 819 habemus
872 755 994 820 Phoen.
1023 757 1102 819 1611
1130 777 1179 838 sq.
1203 737 1326 830 παῖδαξ

148 876 178 940 π’
208 874 369 958 άδελφιὺς
399 871 510 949 ἔτεκον,
540 865 590 949 οὓς
621 872 894 964 άπάλεπα,ῌάράι
925 875 1120 958 παραλαβὼν
1151 881 1248 942 Λαΐαν
1271 876 1325 942 καὶ

149 996 238 1062 παισὶ
269 995 341 1070 δούς
370 1033 415 1046 -
435 998 594 1082 filiosque
616 999 749 1078 fratres
773 998 883 1081 genui,
908 1019 988 1080 quos
1002 997 1147 1080 perdidi,
1172 999 1325 1080 impreca-

148 1123 250 1188 tiones
271 1121 341 1185 Lai
360 1120 519 1202 accipiens
540 1131 573 1184 et
594 1121 680 1183 dans
701 1120 823 1214 liberis.
850 1119 983 1185 Cautius
1007 1130 1056 1185 est
1075 1121 1211 1204 iungere
1226 1122 1324 1184 Λαῖου

147 1239 224 1323 άράι
252 1263 360 1325 neque
390 1242 491 1305 Λαῖιν
516 1238 724 1320 παραλαβάν;
749 1262 913 1323 nusquam
937 1243 1036 1316 enirn,
1061 1251 1222 1325 quatenus
1245 1243 1323 1317 sci0‚

147 1367 285 1430 verbum
299 1359 562 1444 παραλαμβάνειν
573 1383 649 1425 cum
661 1362 732 1426 solo
745 1364 892 1445 genitivo
905 1364 1117 1442 construitur;
1133 1364 1326 1428 scholiastes

146 1494 260 1551 tamen
283 1487 438 1549 adnotat:
461 1481 602 1564 κατάρας
627 1481 711 1564 παρά
736 1487 789 1547 πεῖν
812 1492 911 1554 Λαίαν
935 1482 1055 1562 λαβών.

193 1607 296 1690 Apud
318 1607 400 1670 alios
422 1607 597 1690 scriptores
620 1626 722 1688 saepe
744 1605 863 1689 legitur
885 1606 949 1670 hoc
972 1608 1192 1690 compositum
1216 1628 1325 1690 neque

145 1730 249 1795 habet
286 1731 376 1811 quod
414 1750 475 1792 nos
514 1729 661 1830 detineat
699 1749 800 1811 quum
839 1748 912 1791 raro
952 1748 971 1790 a
1005 1729 1158 1811 primaria
1191 1730 1326 1793 notione

146 1850 394 1934 accipiendi
418 1849 560 1912 aberret.

194 2050 357 2126 παραιρεῖν.
403 2044 579 2127 (παρελεῖν).

192 2214 229 2276 In
266 2215 451 2297 composito
492 2218 646 2294 παραιρεῖν
685 2213 964 2297 praepositionem
1003 2214 1222 2296 separativam
1260 2214 1326 2277 vim

145 2335 269 2399 habere
293 2334 346 2398 vel
370 2356 414 2398 ex
436 2355 477 2399 eo
501 2344 648 2419 apparet,
674 2336 764 2419 quod
787 2335 983 2418 plerumque
1003 2334 1187 2409 adhibetur,
1204 2335 1230 2397 si
1247 2336 1326 2398 indi-

146 2465 240 2523 catur
272 2456 442 2540 aliquid
477 2478 528 2522 ex
560 2478 712 2541 magna
740 2459 866 2540 copia
897 2456 1027 2520 eximi
1057 2457 1125 2520 vel
1156 2477 1326 2520 summo

147 2579 250 2643 veri.
289 2576 343 2641 Sic
374 2586 548 2661 usurpatur
577 2579 706 2642 Hecub.
742 2592 800 2658 591
833 2598 883 2661 sq.
912 2576 948 2641 ri
978 2575 1006 2640 δ’
1027 2569 1068 2641 αὖ
1089 2576 1161 2641 λίαν
1185 2583 1328 2657 παρεῖλες

147 2698 339 2777 eymalam
362 2696 582 2788 aerllymuaioa
608 2737 646 2746 -
672 2699 775 2763 nimis
797 2701 851 2782 (ne
868 2701 1018 2783 gemam)
1040 2699 1100 2763 liae
1123 2711 1157 2763 tu
1175 2699 1331 2763 aiaavisti

147 2821 303 2886 numiata
326 2821 413 2885 milei
429 2842 601 2905 generosa.
635 2821 673 2884 In
697 2822 970 2903 praecedentibus
994 2821 1078 2882 dixit
1101 2820 1241 2884 Hecuba
1258 2819 1326 2883 fieri

148 2963 216 3008 non
246 2962 345 3026 posse
377 2944 455 3024 quin
485 2943 719 3006 lamentaretur
745 2951 867 3005 sortem
890 2941 987 3006 filiae.
1034 2942 1063 3003 E
1087 2961 1208 3025 magna
1231 2941 1327 3023 copia

150 3073 260 3128 autem
292 3063 415 3128 doloris
446 3062 510 3127 hoc
538 3065 662 3127 exemit
686 3062 866 3146 Polyxene,
890 3063 987 3126 nimis
1010 3083 1051 3126 ne
1077 3070 1190 3147 gemat
1212 3072 1326 3125 mater.

148 3184 280 3249 Eodem
311 3186 412 3250 modo
444 3186 666 3269 compositum
698 3185 873 3249 adhibetur
903 3185 1039 3269 Hippol.
1076 3201 1155 3265 1315
1182 3205 1254 3266 sqq.
1278 3176 1325 3263 άρ*

149 3297 235 3370 sicia
265 3306 384 3387 πατρὸς
410 3311 491 3387 πρεῖς
517 3305 595 3386 άράς
626 3303 709 3387 ἔχειν
737 3300 938 3394 σαφεῖς;Νάν
960 3306 1015 3381 πὲρι
1038 3303 1112 3382 μίαν
1130 3299 1327 3386 transireat}

150 3424 279 3491 κάκιστε
290 3425 327 3490 σά
338 3425 350 3516 ll
360 3426 391 3500 ἐς
403 3427 510 3492 παῖδα
522 3427 575 3492 πάν
588 3426 686 3492 σόν-
697 3449 775 3491 num
787 3429 851 3492 scis
862 3439 890 3492 te
902 3437 969 3491 tres
979 3428 1224 3509 imprecationes
1235 3437 1329 3491 ratas

150 3547 271 3613 habere
290 3546 430 3632 patris?
456 3549 609 3628 Quarum
633 3570 744 3623 unam,
768 3560 804 3613 tu
821 3550 974 3631 pessime,
998 3549 1153 3612 avertisti
1173 3548 1328 3631 infilium

150 3679 252 3734 mum.
278 3708 319 3719 -
345 3671 457 3735 Paullo
481 3692 580 3754 supra
603 3672 636 3734 in
660 3673 778 3735 eadem
802 3671 975 3754 tragoedia
990 3669 1144 3753 legimus,
1172 3686 1257 3748 1104
1279 3689 1327 3752 sq.

151 3781 170 3864 ri
192 3790 280 3869 μέγα
303 3814 355 3870 μοι
377 3790 421 3856 πά
437 3793 506 3863 θεῶν
522 3783 726 3873 μελεδήμαά,
745 3789 819 3858 ὅταν
835 3791 949 3873 Φρένας
965 3787 1174 3879 {titillatam
1189 3795 1333 3872 παραιρεῖ

150 3946 195 3963 -
227 3933 309 3977 sane
343 3914 441 3979 valde
474 3915 561 3979 miiei
588 3915 722 3979 deorum
752 3936 849 3979 curae
879 3915 1010 3996 quando
1041 3914 1151 3978 anima
1181 3913 1328 3990 subeunt,

150 4034 277 4098 doleres
307 4035 471 4114 auferunt.
518 4033 594 4097 Hoc
626 4033 700 4096 loco
730 4037 885 4113 παραιρεῖν
913 4033 971 4094 vix
993 4032 1114 4095 eodem
1137 4031 1239 4095 modo
1261 4049 1328 4112 quo
1365 4052 1366 4056 ¹

152 4165 229 4220 ante
255 4155 420 4239 explicare
443 4175 627 4237 possumus.
652 4154 760 4237 Magis
783 4164 895 4217 tamen
917 4154 1083 4238 cogitatur
1105 4154 1196 4217 locus
1219 4168 1329 4234 aquo

151 4277 286 4343 dolores
320 4276 509 4341 auferuntur
542 4278 596 4360 (ex
627 4278 739 4340 animo
771 4277 858 4361 meo)
889 4295 989 4358 quam
1021 4275 1112 4338 locus
1143 4273 1187 4335 ad
1216 4290 1327 4354 quem.
