3038 4808
587 1091 806 1166 CAPUT
846 1091 916 1166 IV.

229 1324 429 1406 praepositio
454 1320 539 1402 παροί
563 1323 689 1386 indicat
707 1334 830 1386 motum
854 1345 949 1406 quem
972 1325 1106 1388 verbum
1128 1327 1284 1408 exprimit

562 1465 583 1507 α
606 1465 686 1507 vera
708 1446 766 1507 via
789 1445 952 1508 aberrare.

214 1809 385 1872 Paullatim
417 1830 435 1872 e
465 1811 649 1890 separativa
681 1811 713 1872 vi
743 1810 996 1892 praepositionis
1028 1818 1100 1872 orta
1131 1817 1181 1873 est
1211 1811 1344 1873 notioa

171 1952 272 1994 vera
302 1933 379 2004 via,
404 1932 431 1993 si
443 1932 476 1993 in
490 1932 610 1994 malam
623 1941 750 2014 partem
763 1933 866 1995 verbo
880 1932 973 1994 alicui
987 1933 1182 2014 adiungitur.
1201 1930 1345 2013 Sequan-

170 2060 224 2115 tur
246 2053 356 2126 verba,
381 2053 413 2113 in
433 2052 551 2134 quibus
567 2052 650 2115 hanc
666 2053 732 2115 vim
748 2054 1026 2135 praepositionem
1044 2053 1155 2115 videre
1170 2055 1343 2134 possimus.

218 2245 430 2326 παροίχεσίαι.

216 2415 320 2496 Apud
339 2415 526 2478 Homerum
543 2417 606 2479 hoc
628 2416 764 2478 verbum
781 2415 942 2498 significat
972 2417 1222 2498 praeterire,
1254 2416 1344 2480 Iliad.

169 2538 228 2602 IV.
257 2552 320 2618 272
362 2535 518 2616 Ἀτρείδης
556 2535 588 2600 δὲ
626 2537 791 2618 παρῷχεπο
826 2535 987 2613 χηίίοννος
1021 2545 1086 2618 κῆρ.
1139 2539 1221 2601 Inde
1255 2540 1344 2621 apud

169 2668 322 2743 posteros
367 2659 451 2722 hanc
494 2661 664 2722 notionem
705 2668 816 2722 servat
858 2661 1048 2740 praesertim
1091 2660 1133 2722 de
1175 2668 1343 2741 tempore:

171 2781 297 2843 Herod.
321 2781 378 2844 IX.
406 2781 445 2860 58
478 2779 537 2842 ὑπὸ
560 2780 615 2853 τὴν
636 2778 860 2859 παροιχομένην
876 2777 985 2857 νιίκπα,
1000 2779 1154 2861 Xenoph.
1172 2781 1302 2844 Hellen.
1318 2781 1344 2843 Ι.

170 2920 201 2980 4.
230 2918 268 2983 17
295 2901 524 2981 παροιχομένων
547 2907 648 2964 κακῶν
672 2897 777 2972 αίπιος.

216 3026 254 3088 In
276 3023 440 3105 Aeschyli
461 3025 634 3108 tragoedia
659 3022 773 3107 Suppl.
792 3024 855 3104 748
868 3024 1025 3105 peculiari
1041 3044 1138 3086 sensu
1153 3024 1345 3086 adhibetur:

171 3145 366 3226 παροίχομαι
388 3143 479 3224 φόβῳ
495 3145 633 3226 -perii
650 3155 738 3225 prae
755 3145 879 3208 timore.
926 3143 1036 3208 Facile
1053 3165 1071 3206 e
1087 3145 1195 3227 priore
1211 3146 1345 3208 notione

170 3269 400 3351 praetereundi
425 3287 539 3330 sensus
561 3268 721 3348 pereundi
745 3276 840 3330 natus
864 3287 937 3330 esse
960 3276 1089 3348 potest;
1113 3275 1244 3350 tempus
1259 3269 1346 3329 enim

171 3390 262 3471 quod
284 3389 460 3471 praeteriit,
483 3390 590 3470 periit.
637 3388 808 3452 Praeterea
833 3389 949 3452 melius
974 3389 1052 3450 mihi
1076 3389 1205 3452 videtur
1221 3397 1347 3453 vertere

163 3512 259 3595 perii
278 3532 378 3593 quam
394 3522 504 3592 pereo,
529 3519 565 3572 ut
584 3508 776 3573 Schuetzius
791 3509 870 3573 vult.
917 3508 1055 3572 Persecti
1070 3510 1161 3572 notio
1177 3511 1210 3573 in
1225 3510 1346 3574 talibus

171 3633 313 3715 querelis
347 3652 448 3714 saepe
479 3632 653 3706 invenitur,
685 3629 838 3694 ἀπόλωλα
870 3629 974 3712 Soph.
1005 3629 1142 3694 Philoct.
1168 3645 1242 3711 742.
1289 3631 1346 3696 Ab

172 3755 242 3818 aliis
292 3751 495 3833 παροίχεσίαι
541 3754 676 3817 notione
728 3753 888 3834 pereundi
934 3751 1117 3815 adhibitum
1163 3772 1235 3816 esse
1281 3773 1348 3818 non

171 3877 280 3940 video.

218 3996 412 4080 Separativa
443 3996 490 4058 vis
522 3996 773 4079 praepositionis
804 3993 952 4078 perlucet
981 3996 1014 4058 in
1038 3998 1154 4060 eadem
1177 3998 1347 4079 tragoedia

172 4119 332 4200 Aeschyli
366 4139 414 4182 vs.
448 4135 515 4198 449
550 4111 568 4190 ἦ
601 4113 702 4197 κοίρπα
736 4115 848 4190 νείκους
878 4115 961 4180 τοῦδ’
994 4116 1054 4193 ἐγὼ
1088 4117 1281 4198 παροίχομαι
1303 4152 1348 4166 ·-

172 4241 302 4306 omnino
324 4261 400 4304 vero
425 4240 467 4303 ab
490 4239 554 4303 hac
567 4240 624 4302 lite
638 4260 697 4323 ego
714 4238 858 4303 abstineo
872 4259 1002 4303 manus.
1050 4240 1136 4303 ltem
1151 4237 1346 4301 scholiasten
1363 4225 1365 4230 ¹
