3038 4808
628 367 862 421 conspectus.
1290 362 1333 442 89

204 543 463 625 Bicompositum
499 540 719 623 παρακαάιὲναι
755 552 831 607 ante
866 543 1057 627 Euripidem
1088 546 1177 628 apud
1208 547 1333 611 nullum

160 673 330 729 auctorem
354 665 547 728 invenimus.
571 664 613 748 (p.
641 682 693 745 31,
718 667 783 748 32.)

201 787 350 853 Verbum
375 787 581 867 παρεμπολάν
606 788 798 869 Euripidem
821 789 964 871 primum
987 772 1159 874 usurpasse
1183 801 1330 875 apparet.

156 912 201 996 (r-
228 926 280 992 32,
306 909 371 993 ss)

200 1033 351 1097 Verbum
375 1028 576 1112 παραβαίνειν
598 1052 664 1095 uno
688 1032 763 1095 loco
786 1033 929 1116 tragicus
952 1045 1064 1098 noster
1082 1033 1217 1099 adhibet
1230 1043 1332 1099 trans-

161 1156 229 1219 lata
266 1155 401 1218 notione
439 1153 574 1229 latendi,
610 1174 695 1235 quae
730 1154 823 1217 notio
854 1155 943 1236 apud
977 1155 1059 1219 alios
1094 1177 1226 1239 quoque
1260 1178 1333 1222 raro

155 1278 305 1342 occurrit.
329 1276 373 1359 (p.
400 1289 451 1356 35,
478 1275 542 1358 36.)

199 1399 348 1462 Verbum
370 1393 522 1477 παράγειν
537 1396 642 1461 semel
657 1397 818 1480 significat
826 1408 1069 1482 praeteragere,
1086 1419 1184 1481 quem
1200 1421 1330 1464 sensum

155 1521 245 1606 apud
267 1528 394 1584 ceteros
416 1521 591 1602 scriptores
613 1539 680 1582 non
703 1519 931 1603 cognovimus.
954 1520 998 1603 (p.
1024 1521 1088 1604 38.)

200 1642 410 1705 Iterationem
441 1641 693 1724 praepositionis
726 1637 812 1720 παρά
842 1640 931 1723 apud
954 1641 1146 1723 Euripidem
1168 1641 1202 1704 in
1225 1643 1329 1706 verbo

159 1755 422 1844 παραλαμβάνειν
463 1770 593 1825 tantum
636 1761 805 1825 habemus.
852 1761 1050 1845 Saepissime
1085 1771 1196 1827 autem
1229 1773 1330 1846 poeta

156 1895 268 1950 noster
291 1885 371 1949 alias
394 1885 657 1967 praepositiones
680 1885 825 1962 iteravit;
849 1886 962 1966 quain
978 1906 1013 1948 re
1032 1886 1176 1968 pedestri
1191 1886 1328 1948 orationi

153 2007 439 2092 appropinquavit.
464 2008 508 2090 (p.
531 2024 585 2084 41,
609 2008 675 2089 42.)

198 2131 372 2213 Euripides
396 2137 513 2211 quater
537 2130 646 2193 activa
670 2128 776 2192 forma
799 2129 891 2192 verbi
915 2135 1079 2210 παραιρεῖν,
1103 2128 1205 2193 semel
1220 2130 1328 2193 media

156 2272 235 2316 usus
265 2261 323 2315 est.
370 2250 438 2314 Alii
462 2251 638 2334 scriptores
661 2250 862 2332 frequentius
884 2252 1039 2327 mediam,
1063 2251 1165 2314 rarius
1187 2252 1327 2316 activam

154 2374 295 2437 formam
319 2373 487 2436 adhibent.
512 2372 554 2454 (p.
579 2372 644 2453 44.)

198 2494 349 2558 Verbum
376 2491 527 2574 παράγειν
551 2514 641 2556 mere
657 2492 754 2555 locali
770 2495 904 2556 notione
919 2493 1105 2556 abducendi
1121 2492 1224 2556 semel
1239 2491 1328 2575 apud

154 2626 315 2693 nostrum,
340 2616 406 2680 sere
430 2637 596 2698 nusquam
618 2616 708 2698 apud
730 2616 811 2678 aiios
834 2616 983 2679 occurrit.
1007 2616 1051 2698 (p.
1075 2615 1142 2698 46.)

197 2740 310 2803 Verbo
338 2737 554 2818 παραιτεῖσθαι
578 2736 760 2820 genitivum
784 2757 943 2819 personae
966 2758 1051 2820 quae
1067 2746 1222 2800 exoratur
1236 2736 1326 2799 Euri·

155 2862 249 2945 pides
277 2862 445 2935 adiunxit3
479 2881 546 2943 qua
574 2860 608 2921 in
632 2852 874 2922 constructione
897 2879 917 2922 a
938 2859 1043 2922 solito.
1058 2879 1118 2920 usu
1141 2858 1326 2932 declinavit,

154 3003 231 3045 cum
263 2982 331 3045 fere
360 3002 491 3063 semper
520 3001 623 3043 unum
646 2980 773 3043 duosve
796 2980 999 3043 accusativos
1022 2980 1085 3043 hoc
1108 2980 1326 3063 compositum

153 3104 214 3167 sibi
237 3105 409 3167 adsciscat.
433 3104 477 3185 (p.
502 3103 556 3181 46,
580 3102 646 3183 47.)

197 3226 460 3309 Bicompositum
499 3221 733 3303 παρεμβλέπειν
759 3222 848 3304 apud
870 3231 1016 3285 nostrum
1039 3223 1197 3304 tragicam
1221 3220 1328 3284 solum

157 3348 306 3431 legimus·
331 3349 374 3431 tp·
398 3364 452 3426 49,
479 3347 543 3428 50·)

195 3471 344 3533 Verbum
368 3466 575 3549 παρνΙχεσάαι
597 3468 783 3551 praeditum
807 3467 940 3531 notione
967 3465 1140 3530 aberrandi
1155 3463 1328 3546 Euripides

156 3590 268 3666 semel,
292 3592 394 3654 ceteri
418 3599 587 3672 nunquam
611 3609 785 3672 usurpasse
808 3591 968 3653 videntur.
993 3590 1036 3671 (p.
1064 3587 1126 3670 52.)

196 3712 309 3776 Verba
350 3710 568 3792 παρεκπρέπειν
609 3721 644 3774 et
677 3709 893 3805 παραχεπεάειν
924 3719 1000 3774 ante
1037 3708 1228 3790 Euripidem
1262 3730 1328 3773 non

87 3875 90 3888 ·
156 3835 362 3899 adhibentur.
387 3835 429 3921 (p.
457 3847 512 3915 54,
537 3849 551 3915 5
558 3835 600 3916 5.)

198 3956 357 4038 παρελθεῖν
389 3954 500 4033 δόμους
531 3955 646 4039 (δῶμα)
669 3991 713 4003 -
736 3954 869 4038 ingredi
896 3955 1039 4032 domum,
1061 3962 1177 4036 quater
1199 3954 1327 4036 legitur.

156 4077 263 4142 Ceteri
286 4080 460 4161 scriptores
485 4075 621 4158 παριέναι
644 4077 709 4140 hoc
731 4096 829 4140 sensu
850 4077 1037 4159 praeditum
1052 4097 1127 4140 cum
1141 4073 1327 4139 accusativo

156 4199 220 4263 loci
242 4221 310 4264 non
332 4199 440 4264 solent
462 4202 671 4282 coniungere.
696 4198 739 4281 (p.
767 4197 817 4278 56,
843 4198 907 4282 57.)

194 4322 232 4385 In
279 4324 383 4386 verbo
428 4318 602 4401 παρεξιέναι
647 4320 850 4405 praepositio
889 4314 975 4398 παρά
1017 4323 1143 4380 motum
1186 4315 1228 4378 ad
1275 4313 1328 4377 ali·
