3038 4808
169 345 214 414 70
536 327 675 408 παριέναι
698 362 743 377 -
764 332 970 407 παρακαλεῖν.

213 515 508 580 Accusativus
542 535 632 578 cum
666 512 897 578 infinitivo
928 514 1033 577 verbo
1068 511 1206 593 παριέναι
1235 513 1349 576 adiun-

167 640 257 723 gitur
281 636 447 702 Heraclid.
474 653 534 717 243
562 657 610 719 sq.
636 636 660 700 εἰ
676 634 737 716 γὰρ
755 633 881 713 παρήσω
897 632 985 698 τόνδε
1001 633 1153 698 σνλιῖσέαι
1170 630 1248 722 miii
1261 631 1348 709 ξένον

169 758 243 840 πρὸς
264 757 370 838 ἀνδρὸς
392 755 498 835 βωμόν
521 795 565 807 -
586 759 621 822 si
640 757 726 822 enim
741 756 828 821 hanc
842 777 939 822 aram
954 756 993 822 ui
1005 756 1145 838 spoleuri
1156 755 1199 820 ab
1214 755 1351 820 homine

163 881 341 964 peregrino
355 879 560 962 permittam.

212 1001 375 1066 Absolute
407 1010 598 1083 usurpatum
632 997 768 1081 παριέναι
791 1001 931 1063 occurrit
953 997 1086 1063 Helena
1112 1012 1196 1080 1059
1219 1020 1269 1082 sq.
1293 997 1349 1064 καὶ

169 1121 206 1196 δὴ
240 1127 391 1202 παρεῖκεν·
416 1114 486 1186 εἶτα
511 1127 575 1192 πῶς
597 1116 668 1184 ἄνευ
691 1116 1008 1208 νεὼςΙΙσαέκσέμεσέα
1030 1122 1249 1202 κενοταφοῦντ’
1274 1120 1349 1198 ἐμὸν

171 1242 286 1320 δέμαςῑ
310 1278 355 1293 -
369 1245 434 1326 sac
455 1243 586 1307 ueniam
609 1242 756 1307 dedisse:
772 1242 889 1306 ddude
904 1242 1061 1324 quomodo
1076 1241 1148 1326 siue
1161 1242 1247 1306 naui
1256 1243 1353 1307 salvi

166 1367 344 1431 evademus
370 1365 536 1431 condentes
566 1377 680 1449 corpus
708 1386 816 1430 meum
847 1361 1061 1446 cenotaphio?
1105 1364 1348 1430 Herwerdenus

168 1493 310 1567 παρεῖκεν
325 1488 454 1551 videtur
469 1490 634 1571 accepisse
646 1508 706 1571 pro
718 1485 911 1569 imperfecto
924 1487 1015 1551 verbi
1028 1485 1194 1567 παρείκειν;
1208 1486 1349 1550 adnotat

168 1610 273 1673 enim:
305 1608 415 1673 eodem
445 1629 554 1672 errore
584 1609 678 1682 apud
703 1607 906 1690 Hesychzum
935 1607 1046 1672 editur
1070 1605 1108 1671 τέ
1130 1630 1169 1684 γε
1192 1601 1278 1682 ἧκαν·
1296 1608 1351 1673 cui

168 1741 272 1812 nuper
291 1730 423 1795 restitui
443 1723 529 1794 εἶκον.
576 1728 756 1794 Particulae
779 1727 833 1793 καὶ
858 1727 894 1802 δή
915 1738 1027 1793 tamen
1041 1728 1227 1812 perfectum
1242 1729 1348 1811 requi·

168 1860 260 1928 runt;
295 1852 342 1915 sic
377 1852 552 1916 adhibetur
585 1851 767 1936 perfectum
801 1851 923 1915 Medea
959 1850 1023 1931 386
1055 1847 1108 1914 καὶ
1143 1849 1181 1924 δὶς
1215 1849 1345 1916 τεθνᾶσι.

169 1971 327 2053 Aeschyl.
355 1974 531 2039 Eumenid.
563 1975 630 2053 894
655 1971 707 2038 καὶ
739 1971 776 2047 δὶς
800 1971 962 2050 δέδεγμαι.
997 1971 1179 2036 Perfectum
1201 1972 1347 2036 activum

167 2093 259 2157 verbi
292 2093 429 2176 παριέναι
461 2116 541 2159 sane
573 2116 647 2160 raro
678 2095 839 2159 invenitur
869 2114 977 2176 neque
1006 2115 1028 2158 a
1060 2092 1232 2177 Stephano
1255 2114 1347 2159 com·

171 2223 381 2279 memoratur.

215 2472 243 2521 e.
291 2457 428 2537 παριέναι
469 2459 654 2542 praeditum
696 2478 793 2522 sensu
832 2457 1218 2540 praetermittendi
1254 2459 1348 2542 apud

170 2576 363 2659 Euripidem
394 2600 460 2642 non
493 2581 611 2657 inveni,
644 2581 733 2663 apud
764 2579 846 2642 alios
870 2599 1106 2661 nonnunquam
1130 2579 1174 2643 de
1194 2587 1348 2663 tempore

170 2699 260 2779 quod
294 2701 585 2781 praetermittimus
619 2722 683 2784 eg.
720 2701 845 2764 Herod.
881 2700 956 2764 VII.
997 2701 1056 2781 183
1093 2693 1200 2763 ἕνδεκα
1230 2695 1349 2780 ἡμέρας

170 2817 328 2899 παρέντες,
345 2821 496 2904 Thucyd.
513 2822 571 2886 IV.
590 2837 631 2903 27
648 2820 746 2902 καιρὸν
763 2820 934 2901 παριέντας.
964 2820 1124 2884 Extremo
1140 2819 1216 2884 loco
1230 2840 1348 2884 sensus

170 2940 391 3024 negligentiae
415 2945 551 3009 accedit.

216 3143 417 3217 παρακαλεῖν.

214 3329 243 3375 a.
290 3311 439 3375 Verbum
471 3314 660 3388 παρακαλεῖν
689 3309 823 3391 proprie
847 3306 954 3371 valere
978 3312 1083 3370 καλεῖν
1106 3302 1185 3370 ὥστε
1208 3311 1348 3386 παρεῖναι

169 3440 309 3515 apparet
338 3450 381 3492 ex
410 3427 631 3492 locutionibus
664 3430 855 3505 παρακαλεῖν
885 3423 936 3487 ἐπὶ
966 3422 1062 3488 δαῖτα
1085 3432 1147 3488 etc.
1195 3423 1349 3487 Bacchae

175 3569 256 3634 1247
282 3549 334 3615 ἐπὶ
359 3549 455 3614 δαῖτα
479 3547 590 3624 Θήβας
612 3543 710 3610 ταῖσδε
732 3545 815 3623 κάμέ
832 3551 1087 3626 παρακαλεῖς-
1103 3544 1349 3609 adcouuiuium

159 3663 305 3738 'Thebas
336 3673 432 3736 hasce
460 3682 494 3735 et
514 3691 566 3734 me
588 3690 693 3733 vocas.
740 3667 836 3733 Clare
859 3667 923 3730 hoc
946 3666 1021 3731 loco
1045 3663 1131 3748 παριέ
1154 3674 1281 3730 motum
1304 3664 1348 3728 ad

171 3795 294 3875 aliquid
318 3795 465 3857 denotat.

217 3915 432 3978 Absolute
462 3914 602 3977 occurrit
633 3912 739 3995 Iphig.
772 3910 848 3974 Aul.
883 3908 948 3992 356
979 3907 1063 3986 κνῖμὲ
1095 3904 1289 3988 παρεκάλεις.
1316 3905 1350 3970 πι’

172 4032 287 4116 ipsium
316 4032 387 4097 σι’να
411 4033 499 4113 πόριν
522 4031 592 4115 εὕρω
616 4032 704 4098 πόθεν
726 4045 820 4097 κ.τ.λ.
847 4069 886 4079 -
911 4042 945 4095 et
964 4052 1016 4094 me
1038 4029 1231 4095 arcessebas.
1259 4027 1353 4107 Quid

161 4156 320 4237 faciam?
356 4153 543 4233 Quamnam
573 4155 668 4218 viam
697 4154 891 4219 inveniam?
918 4152 1038 4219 Unde?
1063 4160 1125 4216 etc.
1173 4149 1350 4234 Perspicua

171 4288 223 4344 est
245 4280 336 4343 notio
358 4275 461 4352 verbi,
483 4295 603 4357 nempe
626 4281 731 4339 καλεῖν
754 4272 832 4340 ὥστε
855 4279 1005 4354 παρεῖναι.
