3038 4808
192 281 236 341 24
695 260 853 342 παρέχων.

191 449 220 512 π’
244 446 386 528 ἀδελφήν
410 448 498 530 quod
522 457 609 511 recte
632 448 771 510 mutavit
793 447 1008 530 Musgravius.
1054 445 1213 511 Codicum
1237 449 1264 510 si
1281 448 1360 511 acci-

192 571 299 655 pimus
329 570 512 645 lectionem‚
544 570 630 633 duae
660 569 917 632 constructiones
941 569 1103 632 oriuntur:
1128 566 1253 648 παρέξεν
1277 567 1363 646 aaa

193 690 240 756 ae!
260 691 289 755 ἐν
313 695 411 772 χεροῖν
434 698 468 754 et
492 687 618 770 παρέξει
641 688 751 767 λαβεῖν
772 687 932 768 testata
957 689 1035 752 satis
1058 689 1176 753 durum
1200 691 1265 754 hoc
1280 690 1361 753 mihi

192 814 329 877 videtur.
377 810 516 876 Suavius
540 813 639 875 currit
656 812 771 888 oratio,
787 812 814 874 si
830 809 941 888 λαβεῖν
958 831 1023 874 non
1039 811 1147 875 solum
1162 812 1205 875 ad
1219 811 1363 892 ἀδελφήν

193 936 251 1000 sed
281 937 379 998 etiam
403 935 447 997 ad
472 932 556 1011 νόνρν
581 933 747 997 trahimus.
794 931 904 1014 Quare
928 933 1108 1015 legendum
1122 931 1263 1015 ἀδελφήν
1287 935 1311 997 θ’
1333 934 1361 1008 ἦ.

194 1057 333 1120 Duobus
362 1056 452 1119 hisce
482 1056 562 1118 locis
593 1056 731 1118 verbum
762 1048 909 1134 παρέχειν
939 1054 1027 1117 idem
1058 1055 1241 1119 subIectum
1264 1054 1364 1120 habet

194 1186 293 1259 atque
323 1197 464 1258 sequens
494 1175 681 1239 infinitivus.
728 1174 910 1238 Paullulum
942 1161 1061 1238 differt
1079 1174 1172 1239 locus
1195 1176 1227 1238 in
1252 1177 1366 1239 Rheso

194 1299 282 1381 (468)
312 1299 440 1361 πωαῢπα
471 1293 527 1374 μέν
555 1318 599 1360 aa
629 1304 686 1372 πῆς
715 1298 838 1377 μακραῖς
859 1295 1012 1367 ἀπουσίας
1036 1293 1152 1377 πρᾶξαι
1175 1293 1297 1376 παρέξω
1322 1333 1364 1344 -

187 1420 372 1502 prolonga
396 1440 468 1482 mea
491 1420 639 1482 absentia
654 1419 738 1482 dabo
752 1418 815 1481 tibi
828 1417 911 1481 talia
927 1417 1043 1500 quibus
1049 1419 1195 1498 fruaris.
1235 1423 1368 1483 πωαῦπα

195 1543 313 1604 arctius
329 1543 595 1624 coniungendum
614 1549 664 1603 est
679 1560 754 1602 cum
774 1537 875 1602 verbo
892 1536 1009 1618 πραῖξαν
1024 1560 1122 1621 quam
1137 1561 1214 1603 cum
1232 1539 1366 1621 παρέξω.

196 1664 290 1727 Idem
322 1663 411 1726 valet
441 1667 570 1727 τοιαῦτα
600 1659 717 1743 πρῖιξαν
745 1682 784 1725 ac
806 1659 947 1735 πωούπως
970 1660 1104 1741 πρνῖξαν;
1127 1663 1168 1729 cf.
1193 1664 1366 1749 Aristoph.

195 1784 287 1848 Aves
311 1786 376 1848 800
398 1823 443 1832 -
466 1783 596 1862 μεγαλα
620 1780 760 1864 πράττει.
807 1784 877 1847 Ion.
902 1783 965 1863 643
989 1804 1039 1868 sq.
1064 1783 1175 1849 δίκαιον
1198 1780 1272 1850 εἶναι
1296 1785 1369 1863 μ’ὂ

197 1903 284 1984 νόμος
314 1907 330 1979 ἡ
362 1904 453 1986 Φύσις
484 1906 509 1970 θ’
533 1901 767 1993 ἅμαΙΙπαρεῖχε
789 1904 830 1984 rai
855 1904 905 1984 θεῷ
930 1941 973 1952 -
995 1906 1051 1968 lex
1072 1916 1105 1970 et
1125 1918 1247 1970 natura
1268 1908 1374 1972 simul

197 2048 248 2091 me
262 2029 355 2091 dedit
367 2029 434 2101 deo,
453 2039 490 2092 at
503 2029 610 2091 iustas
624 2049 736 2090 essem.
773 2027 838 2089 Hic
853 2022 895 2103 με’
910 2027 1001 2107 quod
1017 2028 1200 2090 subiectum
1213 2038 1264 2091 est
1275 2030 1369 2093 verbi

197 2141 280 2222 εἶναι,
312 2149 477 2213 obiectum
510 2150 599 2212 verbi
631 2153 765 2228 παρεῖχε
795 2157 854 2211 est.
887 2147 959 2231 Iph.
987 2148 1066 2211 Aul.
1090 2163 1155 2230 937
1179 2170 1228 2232 sq.
1253 2150 1284 2214 οὐ
1308 2150 1371 2232 γὰρ

197 2265 361 2346 ἐμπλέκειν
393 2268 604 2357 πλοκαῖςΗὲνὼ
636 2265 756 2351 παρέξω
788 2268 828 2348 σῷ
860 2267 946 2333 πόσει
975 2269 1086 2347 τούμὸν
1117 2268 1217 2347 δέμας
1241 2309 1280 2318 -
1306 2295 1370 2337 nan

197 2391 283 2454 enim
314 2402 351 2455 at
378 2395 440 2475 (eo)
462 2395 608 2473 fraudes
637 2403 753 2468 nectas,
784 2393 953 2455 concedam
984 2413 1091 2456 meam
1113 2405 1227 2474 carpas
1250 2394 1372 2457 mare'ta

198 2511 261 2575 luo.
308 2514 361 2576 Ex
395 2515 526 2577 obiecto
560 2514 649 2577 verbi
685 2510 806 2594 παρέξω
835 2515 986 2596 sequenti
1015 2512 1174 2576 infinitivo
1205 2509 1372 2591 ἐμπλέκειν

198 2636 327 2699 dativus
350 2637 603 2699 instrumentalis
626 2636 799 2699 addendus
822 2644 881 2701 est.

244 2757 337 2820 Haec
360 2758 513 2840 exempla
536 2757 682 2821 infinitivi
707 2778 781 2821 cum
805 2756 908 2821 verbo
934 2754 1083 2837 παρέχειν
1106 2757 1270 2820 coniuncti
1286 2758 1372 2822 adici

198 2888 334 2962 possunt
362 2881 418 2954 eis,
451 2901 535 2961 quae
565 2901 609 2943 ex
639 2881 708 2943 aliIs
739 2878 950 2962 scriptoribus
973 2879 1066 2942 affert
1088 2879 1305 2941 Leeuwenius
1329 2881 1374 2942 ad

199 2978 376 3083 Aristoph.s
393 3002 506 3064 Nubes
530 3019 605 3081 422.

245 3262 277 3325 g.
324 3242 787 3327 Impersonaleaapixa.

242 3367 336 3430 Unus
366 3367 458 3429 locus
489 3375 597 3442 exstat
626 3367 716 3449 apud
742 3376 891 3430 nostrum
919 3367 975 3429 ubi
999 3367 1259 3448 impersonaliter
1283 3366 1376 3429 adhi-

201 3489 303 3551 bitum
335 3498 384 3551 est
414 3486 571 3567 παρέχειν,
601 3488 718 3551 Electr.
756 3489 849 3552 1080.
882 3486 984 3552 adira
1013 3491 1118 3561 καλῶς
1150 3510 1188 3564 γε
1216 3490 1376 3568 σωφρονεῖν

201 3613 334 3687 παρεῖχε
363 3631 407 3672 aa
438 3645 479 3655 -
503 3619 647 3672 attamen
676 3609 797 3690 optima
819 3609 938 3672 occasio
966 3610 1030 3673 tibi
1050 3619 1130 3682 erat,
1156 3620 1194 3673 ut
1215 3609 1375 3674 modestia

201 3731 347 3793 utereris.
393 3731 593 3793 WeckIInius
623 3731 774 3794 adnotat:
797 3732 881 3811 fort.
912 3729 1050 3810 ὑπῆρχε.
1097 3729 1184 3794 Satis
1207 3751 1299 3792 rarus
1321 3730 1377 3794 hic

202 3872 279 3914 usus
302 3861 369 3927 est;
394 3854 481 3934 apud
505 3853 712 3916 Herodotum
728 3862 840 3916 tamen
855 3872 955 3934 saepe
976 3853 1115 3915 occurrit
1131 3872 1160 3914 e.
1174 3873 1205 3934 g.
1224 3851 1279 3914 III.
1302 3869 1375 3931 142.

202 3974 282 4038 VIII
315 3992 367 4054 30,
401 3990 453 4056 75,
489 3993 559 4048 100,
592 3977 698 4038 minus
724 3995 824 4056 saepe
847 3975 935 4058 apud
958 3974 1190 4057 Thucydidem
1214 3995 1243 4037 e.
1257 3996 1289 4057 g.
1315 3974 1374 4041 IV.

203 4099 255 4176 85.
288 4113 314 4157 2,
347 4096 407 4160 VI.
436 4096 488 4159 86.
524 4111 563 4176 5.‚
595 4098 684 4179 apud
714 4097 971 4180 Xenophontem
1002 4095 1160 4160 Anabas:
1194 4095 1235 4158 II.
1272 4113 1298 4158 1.
1336 4112 1372 4158 11

205 4220 319 4293 πλῆθος
349 4218 507 4299 ἀνθρώπων
538 4219 591 4300 ἐφ’
624 4218 707 4296 ὑμεῖς
737 4215 901 4296 δυνάμενος
931 4216 1103 4303 (βασιλεὺς)
1134 4221 1279 4295 ἀγαγεῖν,
1310 4214 1377 4283 ὅσον
