3038 4808
616 304 870 388 παρασκευάζειν.
968 350 970 355 ·
1293 327 1335 395 27

158 487 305 569 σκεθαζον
328 489 488 571 ἐκμοχθῶν
504 490 570 569 βιοῦ
580 488 591 580 ΙΙ
603 489 741 557 εὔκλειαν
758 494 837 572 ὑμῖν,
855 494 973 575 πατρὸς
987 493 1161 560 ἀπόλαυσιν
1176 498 1276 572 καλήν
1293 536 1335 550 -

156 635 259 696 neque
260 616 410 695 fructum
417 614 608 696 percepistis
619 636 662 679 eu
672 617 755 680 meis
766 617 953 699 triumphis,
967 639 1047 700 quas
1065 640 1124 702 ego
1136 621 1336 702 comparavi,

155 736 321 800 laboribus
359 735 532 819 acquirens
566 737 654 801 uitae
679 738 828 820 gloriam
859 738 961 813 vobis,
983 741 1134 820 fructum
1166 740 1335 805 honestum

148 858 271 941 patris.
318 855 468 940 Simplex
500 854 656 937 σκευάζειν
685 860 879 924 relationem
911 862 1075 925 eiusmodi
1099 863 1239 927 localem
1264 884 1335 946 per·

155 1000 256 1044 sonae
287 979 342 1041 vel
371 980 417 1041 rei
447 999 515 1042 non
545 981 713 1062 designat3
745 981 786 1044 cf.
821 983 920 1047 Herc.
953 982 1013 1046 fur.
1045 985 1111 1064 956
1143 1006 1192 1067 sq.
1226 983 1336 1056 κλιθεὶς

156 1099 184 1164 δ’
209 1100 239 1171 ἐς
262 1093 352 1171 οὖδας
374 1101 412 1172 ὥς
435 1100 500 1164 ἐκεῖ
512 1097 696 1180 σκευάζεται
707 1098 719 1190 ll
731 1101 821 1176 belini
839 1141 880 1150 -
897 1104 1083 1170 recumbens
1105 1107 1139 1169 iu
1155 1108 1222 1170 sola
1238 1107 1339 1190 quasi

156 1223 223 1286 illie
250 1233 365 1296 esseut,
389 1233 498 1304 parat
517 1222 584 1287 sibi
603 1224 738 1305 epulas,·
761 1224 1027 1289 Wilamowitzius
1051 1225 1089 1299 ὡς
1113 1226 1178 1289 ἐκεῖ
1196 1230 1336 1291 mutavit

155 1346 189 1409 in
219 1346 257 1417 ὡς
279 1341 348 1424 ἔχει
371 1344 456 1418 „wie
479 1365 516 1407 er
537 1366 621 1418 war,
645 1345 729 1408 abne
750 1347 930 1410 weiteres'’
978 1345 1233 1430 Supervacanea
1255 1348 1334 1411 mihi

154 1467 286 1531 videtur
308 1469 391 1531 haec
413 1466 617 1544 coniectura;
643 1468 729 1530 bene
753 1488 788 1530 se
810 1467 912 1531 habet
936 1467 1033 1532 lectio
1050 1470 1202 1532 codicum
1223 1470 1261 1542 ὥς
1276 1469 1341 1533 ε’κεῑ

155 1624 197 1634 -
229 1588 326 1671 quasi
355 1587 429 1664 illie,
462 1598 575 1669 uerupe
606 1586 635 1650 ἐν
666 1595 706 1668 τῇ
733 1587 830 1651 Νίσου
855 1587 943 1652 πόλει
965 1601 1072 1653 esseut
1092 1592 1215 1671 epulae.
1264 1591 1334 1654 Illic

154 1706 242 1770 enim
274 1704 435 1768 Hercules
464 1725 501 1767 se
532 1706 648 1769 adesse
678 1716 782 1789 putat,
814 1715 851 1769 ut
883 1716 1019 1789 apparet
1050 1728 1092 1769 ex
1116 1710 1333 1790 praegressis:

155 1828 247 1905 μέσον
271 1826 297 1890 δ’
323 1825 353 1898 ἐς
374 1825 496 1907 άνδρῶθ
522 1826 657 1891 ἐσπεσὼν
680 1827 776 1892 Νίσου
802 1824 1001 1916 πάλινΗάκειν
1025 1825 1156 1909 ἔφασκε,
1181 1825 1334 1906 δωμάτων

154 1946 211 2012 ε’σθι
236 1946 351 2026 βεβώς,
374 1949 497 2011 ibidem
519 1961 586 2028 954
609 1970 657 2030 sq.
681 1950 718 2011 In
742 1950 858 2013 eadem
883 1950 992 2012 sabula
1015 1949 1126 2032 paullo
1149 1949 1232 2012 infra
1256 1950 1334 2031 legi-

155 2090 239 2144 muS,
265 2090 311 2133 vs.
336 2068 402 2150 969
425 2090 474 2150 sq.
491 2067 647 2149 Φαρὲτραν
664 2068 691 2132 δ’
709 2069 837 2150 εὐτρεπῆ
854 2066 1037 2148 σκευάζεται
1048 2065 1122 2157 lluul
1138 2067 1207 2145 τόξ’
1225 2069 1334 2133 ἑαυτοῦ

156 2189 248 2255 παισθ
276 2227 317 2237 -
348 2201 494 2273 apparat
507 2202 697 2273 proruptam
713 2193 910 2273 pharetram
934 2202 967 2255 et
987 2212 1099 2254 arcum
1125 2203 1238 2256 cantra
1259 2213 1335 2255 suos

155 2313 283 2376 liberos.
307 2310 399 2376 παισί
419 2312 548 2375 dativus
571 2313 771 2375 incommodi
794 2322 844 2375 est
867 2333 975 2394 neque
997 2323 1065 2377 tam
1090 2322 1178 2377 arcte
1201 2315 1334 2376 coniun-

154 2435 302 2518 gendum
333 2455 408 2499 cum
438 2435 540 2498 verbo
573 2430 757 2512 σκευάζεται
788 2455 887 2517 quam
910 2456 1009 2519 supra
1032 2435 1167 2498 fecimus
1191 2437 1224 2498 in
1247 2457 1333 2498 com·

155 2559 265 2640 posito
290 2552 544 2636 παρασκευάζειν.

199 2679 372 2743 Passivum
398 2675 686 2760 παρασκευάζεσθαι
702 2681 832 2762 saepius
848 2679 1004 2742 occurrit:
1023 2678 1114 2761 Cycl.
1133 2697 1198 2758 214
1214 2676 1333 2759 άριστθν

155 2799 235 2864 ε’στιν
266 2793 300 2864 εὖ
331 2800 630 2882 παρεσκευασμένον;
654 2802 898 2882 -prandium
929 2800 1006 2864 beue
1029 2811 1191 2883 paratum
1214 2797 1333 2865 adest?

154 2922 410 3005 Nonnunquam,
434 2932 470 2986 ut
493 2890 583 3005 apud
606 2922 686 2986 alios
710 2921 761 3004 (cs.
785 2922 938 3004 Thucyd.
962 2922 1018 2985 III.
1048 2939 1119 2987 110.
1140 2939 1170 2996 2,
1188 2923 1213 2985 Ι.
1231 2936 1282 3002 27.
1301 2922 1332 3005 2)

154 3064 230 3107 cum
265 3043 425 3106 infinitivo
461 3044 685 3127 coniungitur:
723 3043 887 3106 Heraclid.
923 3043 984 3123 691
1024 3042 1068 3120 μὴ
1105 3041 1153 3105 τοι’
1181 3043 1216 3120 μ’
1250 3039 1333 3121 ἔρυκε

156 3164 227 3244 θρῖον
262 3163 545 3245 παρεσκευασμένον
575 3202 619 3212 -
648 3164 716 3228 nali
748 3185 799 3227 uie
832 3165 975 3228 detinere
1000 3175 1161 3245 paratum
1203 3164 1336 3244 aliquid

145 3289 271 3369 faeere.
303 3285 388 3350 Cum
422 3287 572 3368 sequenti
603 3285 762 3369 particula
786 3281 881 3348 άστει
905 3285 1003 3348 Herc.
1029 3284 1087 3347 fur.
1118 3301 1196 3362 1241
1224 3282 1331 3364 τοιγάρ

155 3405 417 3487 παρεσκευάσμεθ’
441 3403 520 3471 ὥστε
541 3406 700 3470 κατθανεῖν
717 3428 852 3489 -ergo
874 3406 1034 3469 adsumus
1055 3406 1104 3469 ad
1127 3405 1331 3469 moriendum

147 3531 276 3610 parati.
300 3529 493 3594 Admodum
509 3539 619 3592 autem
636 3538 827 3611 suspectum
839 3530 872 3591 in
884 3528 948 3591 hoc
959 3549 1055 3591 versu
1068 3528 1206 3590 verbum
1219 3526 1330 3589 κατθα-

155 3655 221 3713 νεῖν.
258 3649 415 3732 Sequenti
447 3651 533 3714 enim
565 3671 661 3713 versu
693 3651 773 3713 dicit
804 3649 971 3713 Theseus:
997 3647 1092 3720 δοκεῖς
1115 3648 1250 3710 άπειλῶν
1274 3652 1330 3712 σῶν

155 3771 258 3849 μέλειν
273 3795 303 3835 τι
320 3770 478 3849 δαίμοσιν;
496 3772 532 3834 In
557 3791 597 3834 eo
614 3772 705 3853 quod
721 3771 913 3834 moriturum
929 3791 965 3833 se
981 3771 1143 3853 promittit
1160 3770 1329 3847 Hercules,

154 3895 262 3957 minae
291 3894 400 3957 inesse
429 3895 487 3956 vix
518 3895 678 3956 videntur.
725 3892 837 3955 Paullo
868 3900 943 3974 post
966 3893 1114 3955 Theseus
1138 3892 1328 3968 Herculem,

154 4024 251 4098 rogat
273 4016 353 4098 quid
375 4015 519 4078 facturus
543 4016 585 4078 sit
608 4025 641 4078 et
660 4023 738 4077 tunc
755 4013 808 4076 ille
823 4015 1018 4096 respondet:
1035 4014 1094 4096 (vs.
1116 4017 1210 4096 1247)
1227 4012 1328 4086 θανάν,

154 4131 272 4216 ὅθενπερ
302 4129 388 4207 ἦλθον
411 4128 474 4213 εἶμι
497 4143 556 4212 γῆς
579 4129 647 4211 ὕπο,
672 4155 757 4216 quae
781 4135 891 4207 verba,
917 4136 1072 4217 quoniam
1095 4144 1166 4197 tum
1191 4135 1327 4196 demum

153 4258 334 4340 respondet
345 4257 493 4320 Theseus
508 4253 626 4337 εἴρηκας
642 4253 846 4335 ἐπιτυχόντος
860 4254 1013 4335 άνθρθιπου
1026 4253 1144 4331 λόγους,
1159 4254 1326 4336 languent,
