3038 4808
454 295 649 379 ποοοοιγνύνοοι
672 335 716 347 -
741 297 987 379 ποορεμβλέπειν.
1264 319 1309 382 49

128 506 206 548 cum
238 485 341 548 verbo
373 482 545 560 οὶνοιγνύνοιι
572 485 761 568 oppositum
785 494 881 549 esset.
907 487 994 549 Nam
1018 483 1189 562 οὶνοιγνύνοοι
1212 487 1309 570 signi·

127 607 204 671 ficat
234 626 411 689 prorsus
442 607 623 688 aperire,
656 606 897 682 recludere,
929 629 1028 690 quem
1056 627 1189 672 sensum
1218 629 1309 690 prae·

129 729 249 811 positio
273 723 334 790 οἶνύο
356 712 539 791 confirmat.
579 727 683 791 Ianua
706 729 733 791 si
757 729 909 811 aperitur,
935 738 1137 793 retroversus
1160 739 1309 795 movetur

127 873 148 915 a
172 851 321 933 postibus
344 850 464 932 quibus
488 850 599 914 clausa
623 852 779 914 innititur.
803 851 863 914 Illa
885 853 988 916 motio
1003 860 1187 917 retroversa
1203 852 1308 935 desig·

128 980 223 1035 natur
257 972 502 1054 praepositione
535 969 606 1048 οὶνού,
644 980 680 1034 ut
715 971 891 1036 illustratur
925 973 1017 1037 Iliad.
1054 974 1095 1037 V.
1132 988 1192 1056 751
1232 972 1307 1051 ἠμὲν

126 1094 291 1159 ύνοικλῑνοοι
322 1092 443 1156 πυκινὸν
473 1091 563 1172 νέφος
587 1091 633 1167 ἠδ’
659 1091 810 1159 ἐπιύεῖνοοι.
858 1095 969 1176 Quum
993 1104 1104 1158 autem
1128 1093 1182 1159 illa
1205 1095 1308 1158 motio

128 1225 312 1281 retroversa
327 1236 393 1278 non
409 1215 607 1278 indicaretur
622 1218 866 1298 praepositione
883 1214 980 1298 ποομύ,
996 1216 1099 1281 verba
1113 1214 1308 1296 ποιροιγνύνοοι

128 1346 161 1401 et
196 1336 392 1419 ποοροοκλίνειν
427 1336 595 1419 paulisper
630 1347 828 1420 acceperunt
864 1340 1033 1403 notionem
1066 1337 1307 1422 paullulum

127 1460 368 1543 aperiendi.

173 1577 329 1641 Ceterum
363 1571 559 1655 ποοροιγνύνοοι
589 1584 751 1657 quatenns
783 1596 802 1639 e
833 1574 1004 1658 Stephano
1036 1580 1154 1643 coniici
1186 1589 1306 1664 potest,

126 1700 217 1781 apud
240 1697 322 1761 alios
345 1697 520 1779 scriptores
544 1716 610 1760 non
634 1696 762 1778 legitur.

173 1820 432 1902 Bicompositum
471 1816 705 1898 ποοροονοιγνύνοοι
743 1826 818 1901 post
860 1818 1124 1883 Demosthenem
1163 1821 1302 1904 (advers.

128 1942 301 2023 Aristogit.
326 1961 357 2022 p.
384 1941 458 2022 778.
488 1940 537 2023 11)
561 1940 683 2003 eodem
706 1960 803 2003 sensu
823 1960 890 2021 quo
909 1937 1105 2020 ποοροιγνύνοιι
1121 1941 1305 2006 adhibetur.

175 2132 420 2215 ποορεμβλὲπειν.

174 2309 433 2390 Bicompositum
469 2303 705 2386 ποορεμβλέπειν
740 2341 784 2353 -
814 2327 835 2369 a
863 2306 1002 2370 latere
1033 2309 1231 2390 aspicere
1263 2345 1306 2356 -

127 2452 196 2495 uno
226 2431 301 2494 loco
326 2431 414 2513 apud
437 2437 585 2493 nostrum
608 2428 759 2502 occurrit,
783 2427 912 2490 Helena
941 2441 976 2507 15
984 2428 1023 2509 58
1048 2449 1120 2512 sqq.
1144 2430 1219 2493 ἀλλ’
1244 2428 1306 2505 ἐξε·

127 2553 269 2633 βρνχοῖπ’
308 2549 385 2630 ὄμμ’
424 2548 623 2631 οὶνοοσπρέφοον
657 2546 905 2637 κύκλῳ))κνρπῶν
940 2573 976 2614 πε
1009 2556 1092 2615 νῶποο
1127 2555 1185 2626 uae
1219 2550 1307 2632 κύριος

129 2671 443 2762 ποορεμβλὲποιν))μ)
476 2669 626 2749 θιγγάνειν
657 2673 802 2752 ἀπεῖργεν
836 2709 874 2718 -
907 2672 969 2736 sed
989 2674 1165 2758 mugiebat,
1188 2675 1305 2740 circum

130 2798 265 2880 agitans
293 2797 397 2860 oculas
425 2816 629 2876 curvamque
660 2805 786 2878 tergum
815 2796 902 2858 etin
924 2816 1044 2859 cornua
1066 2796 1193 2877 oblique
1214 2805 1308 2859 tuens

130 2921 262 2984 arcebat
270 2941 329 2983 nos
339 2941 379 2983 ne
390 2919 634 3001 attingeremus.
648 2916 845 2999 Suspectum
858 2927 908 2981 est
920 2919 1058 2981 verbum
1072 2916 1306 2998 ποορεμβλὲπειν

131 3042 162 3105 N
165 3042 282 3106 auckio
298 3041 444 3123 aliisque.
469 3039 635 3102 Nauckius
651 3040 792 3102 coniecit
808 3036 992 3117 θυμούμενος
1008 3039 1081 3103 coll.
1098 3041 1216 3104 Bacch.
1230 3055 1305 3121 743.

175 3163 279 3246 Apud
305 3162 388 3226 alios
413 3158 649 3242 παρεμβλέπων
673 3182 707 3224 re
730 3183 809 3225 vera
832 3183 899 3225 non
922 3164 1095 3226 invenitur.
1142 3161 1306 3226 Maiorem

129 3287 198 3350 vim
221 3285 324 3349 habet
339 3305 438 3367 quam
455 3280 673 3364 ποοροοβλὲπειν
689 3319 732 3331 -
748 3283 838 3346 limis
853 3284 953 3348 oculis
968 3285 1110 3366 aspicere
1124 3283 1305 3366 (Aristoph.

130 3408 233 3490 Vesp.
257 3420 334 3487 495,
358 3404 486 3468 Ecclez.
503 3405 598 3486 497);
616 3403 787 3483 ἐμβλέπειν
804 3427 834 3468 τι
853 3406 941 3470 enim
956 3413 1006 3469 est
1021 3405 1154 3479 intueri,
1167 3403 1309 3486 aspicere

129 3528 269 3610 aliquid,
285 3526 413 3604 βλέπειν
430 3537 542 3591 autem
559 3547 632 3590 raro
649 3527 719 3608 (nisi
736 3529 850 3591 addita
865 3526 1121 3610 praepositione)
1134 3526 1251 3588 dicitur
1264 3526 1306 3589 de

130 3650 288 3713 intuenda
310 3649 418 3730 aliqua
442 3669 494 3726 re;
511 3648 613 3712 multo
631 3649 763 3731 saepius
779 3650 812 3711 in
828 3649 1019 3710 universum
1036 3646 1220 3722 adhibetur,
1237 3647 1307 3709 sine

109 3771 318 3859 'accusativo
341 3770 472 3833 obiecti.
498 3769 599 3851 Quod
622 3769 712 3852 apud
735 3769 928 3850 Euripidem
948 3767 1055 3830 solum
1072 3764 1308 3847 ποορεμβλέπειν

129 3893 278 3968 occurrit,
303 3892 406 3956 multa
430 3891 585 3974 exempla
609 3892 679 3954 eius
702 3892 747 3953 rei
771 3892 902 3953 adsunt.
949 3891 1083 3966 Primus,
1109 3899 1144 3953 ut
1168 3891 1305 3963 videtur,

129 4022 241 4076 noster
264 4034 341 4076 usus
364 4021 414 4075 est
437 4013 663 4095 bicompositis
687 4013 919 4094 sequentibus:
945 4010 1164 4091 ποορεκπρέπειν
1180 4011 1306 4095 (Suppl.

134 4135 229 4218 1111)
264 4134 315 4217 (cs.
348 4156 381 4217 p.
417 4136 468 4217 54)
503 4133 722 4214 οννεκύνῄοκειν
750 4133 853 4216 (Cycl.
889 4134 963 4217 571)
994 4131 1161 4209 ἕξοοποούεῖν
1193 4133 1305 4216 (Rhes.

130 4259 207 4340 811)
245 4253 443 4333 ἕξοιποξύνειν
481 4256 584 4339 (Cycl.
621 4255 698 4339 456)
733 4254 917 4332 διοομεύιένοοι
953 4256 1083 4337 (Bacch.
1119 4255 1194 4336 627.
1230 4252 1307 4336 636)

1191 4380 1208 4427 4
