3038 4808
525 326 791 412 παραδιδόναι-
816 329 1009 409 παρεγγυᾶν.
1313 343 1355 411 77

178 520 279 604 longe
310 518 456 602 quaesita
489 516 573 581 haec
596 515 775 598 explicatio
801 514 878 578 mihi
903 515 1041 579 videtur.
1066 515 1142 579 Non
1164 524 1246 597 puto
1268 517 1359 580 inde-

177 641 307 705 fensum
338 640 447 703 locum
470 638 584 702 hastae
606 637 744 720 plagam
767 635 855 711 dare,
879 635 939 699 sed
961 634 1091 698 hastam
1115 637 1205 699 nudo
1228 640 1357 722 corpori

177 764 280 826 ictum
310 761 466 845 infligere.
493 758 548 824 Sic
571 759 661 841 apud
687 758 870 822 Homerum
894 777 922 822 e.
933 778 965 840 g.
990 758 1032 821 de
1055 759 1175 841 sagitta
1197 758 1356 842 legimus:

176 883 277 955 όισπδς
300 881 464 963 ἐπέγραψε·
486 879 568 962 χρόα
593 877 699 961 Φυπός
721 878 824 962 (Iliad.
848 879 904 944 IV.
934 880 1016 960 139).
1041 879 1162 944 Nostro
1179 880 1357 963 Euripideo

178 1008 255 1113 lopo
276 1004 376 1089 plane
400 1005 528 1068 diversa
552 1001 747 1085 metaphora
769 1003 874 1065 adest.
898 1000 1015 1083 Neque
1033 1002 1137 1065 verbo
1159 999 1357 1081 παραδιδόναι

177 1127 211 1190 h.
232 1126 254 1190 l.
286 1127 455 1190 notionem
490 1145 610 1188 munus
633 1122 733 1186 dandi
755 1123 863 1186 inesse
885 1123 994 1194 video,
1017 1143 1125 1205 neque
1148 1145 1236 1188 nunc
1258 1125 1358 1189 ictum

179 1249 316 1313 indicari
346 1248 552 1312 substantivo
586 1243 712 1322 πληγήν
742 1246 901 1308 concedo.
932 1243 1040 1321 πληγή
1071 1256 1108 1309 ut
1131 1255 1220 1311 recte
1242 1247 1358 1311 scholi·

178 1379 267 1436 astes
303 1369 449 1452 explicat
483 1366 576 1432 πόπυν
613 1365 744 1430 δυνατόν
780 1372 937 1441 πληγῆναι
968 1366 1141 1450 significat,
1171 1366 1359 1449 παραδοῦναι

178 1500 291 1555 autem
306 1491 448 1573 prodere
470 1498 520 1552 est
544 1489 614 1551 sive
638 1488 765 1551 nudare
787 1488 981 1570 (exponere).
1006 1488 1091 1551 Item
1111 1490 1250 1552 verbum
1271 1511 1359 1553 usur-

179 1620 276 1698 patur
298 1633 319 1676 a
341 1613 449 1675 Dione
476 1611 591 1677 Cassio
614 1609 718 1672 LXII.
745 1624 785 1690 27
811 1609 980 1689 θαυμαστῷ
1000 1633 1056 1673 πινι
1072 1609 1252 1688 ἐγκλήματι
1269 1635 1359 1693 παρε-

177 1733 250 1808 δόόη
272 1770 317 1782 -
340 1734 505 1816 expositus
527 1743 577 1796 est
597 1732 681 1796 mira
703 1732 835 1795 cardam
857 1732 996 1795 crimini.

227 1873 256 1937 3.
302 1856 420 1919 Restat
448 1875 525 1918 usus
551 1855 643 1917 cuius
666 1855 755 1937 apud
778 1862 926 1917 nostrum
950 1855 1104 1937 exempla
1127 1874 1194 1918 non
1217 1865 1358 1933 exstant,

181 1979 307 2043 Herod.
331 1977 404 2043 VII.
434 1979 473 2040 18
497 1978 553 2039 πυᾶ
578 1976 639 2039 θεοῦ
663 1971 883 2054 παραδιδόντας
901 2011 944 2023 -
963 1974 1024 2038 deo
1030 1976 1228 2056 facultatem
1243 1978 1342 2042 dante
1348 2003 1361 2058 ‚·

178 2101 270 2184 apud
293 2108 419 2163 ceteros
443 2097 615 2161 historicos
639 2116 771 2179 quoque
793 2095 876 2159 haec
899 2096 990 2159 notio
1013 2097 1184 2161 invenitur.

228 2293 424 2375 παρεγγυᾶν.

228 2480 285 2544 Ad
306 2476 507 2559 παραδιδόναι
525 2478 821 2562 proxime'accedit
839 2480 977 2543 verbum
994 2482 1186 2559 παρεγγυᾶν,
1200 2482 1362 2564 siquidem

179 2603 301 2681 ἐγγυᾶν
320 2603 456 2686 Ιριοριίε
479 2600 659 2685 significat:
683 2601 717 2664 in
738 2600 890 2664 manibus
897 2611 1021 2683 ponere
1035 2601 1076 2684 (ἐν
1092 2600 1215 2679 γυόιισιν
1229 2603 1360 2687 πιόὲναι).

181 2723 368 2804 παρεγγυᾶν
396 2721 431 2786 πό
459 2744 515 2786 πινι
548 2741 628 2806 ergo
659 2721 837 2805 significat:
869 2743 892 2785 a
921 2722 1025 2787 latere
1054 2724 1157 2788 alicui
1175 2725 1308 2808 aliquid
1327 2727 1362 2790 ιά

181 2868 303 2913 manus
325 2848 417 2910 dare.

225 2969 279 3032 De
302 2967 402 3030 rebus
425 2967 587 3030 concretis
610 2965 674 3030 hoc
700 2966 840 3029 verbum
863 2966 1046 3030 adhibitum
1069 2988 1140 3033 esse
1164 2989 1231 3032 non
1253 2970 1360 3044 video,

180 3091 226 3154 de
249 3091 399 3174 personis
423 3088 548 3150 Herod.
578 3088 635 3150 III.
662 3088 692 3152 8.
716 3093 793 3151 raim
815 3086 932 3167 φίλοισι
956 3093 1123 3174 παρεγγυᾷ
1143 3089 1193 3153 τόν
1210 3088 1302 3165 ξεῖνον
1317 3128 1361 3140 -

181 3210 343 3294 hospitem
371 3210 441 3274 suis
471 3209 587 3273 amicis
618 3210 730 3273 tradit.
774 3208 849 3272 Hoc
880 3208 954 3272 loco
985 3211 1077 3273 notio
1107 3213 1362 3276 commendandi

180 3334 248 3397 iam
280 3334 399 3415 prodit.
430 3330 532 3414 Apud
559 3331 751 3413 Euripidem
775 3351 841 3393 uno
865 3330 938 3394 loco
962 3331 1004 3395 de
1027 3353 1062 3395 re
1085 3332 1250 3396 abstracta
1271 3355 1362 3416 repe-

182 3456 280 3520 ritur:
317 3453 463 3537 Supplic.
502 3468 567 3534 700
602 3473 652 3537 sq.
690 3449 1079 3540 παρνγγόυνόΙκελευσμδν
1112 3453 1274 3529 detritam
1309 3455 1362 3520 σὺν

183 3583 289 3656 πολλῇ
321 3574 379 3656 βοῇ
412 3611 452 3622 —-
485 3585 634 3639 mutuam
665 3575 925 3640 adhortationem
954 3576 1021 3639 sibi
1048 3578 1223 3641 tradebant
1243 3599 1364 3662 magno

180 3718 256 3762 cum
279 3697 429 3762 clamore.
476 3697 553 3759 Non
576 3697 736 3780 intellego
760 3717 817 3760 cur
839 3697 1043 3760 Wecklinius
1065 3696 1234 3776 κελευσμόν
1258 3711 1365 3768 mutet

184 3819 219 3883 in
251 3813 412 3894 κελευμόν,
447 3838 650 3899 quamquam
685 3818 816 3880 codices
849 3818 975 3881 habent
1007 3819 1176 3898 αελευσμόν
1209 3832 1244 3888 et
1273 3825 1363 3890 idern

182 3939 293 4004 editor
314 3937 420 4022 Iphig.
446 3937 522 4003 Aul.
554 3955 638 4019 1130
661 3959 704 4000 ex
727 3938 858 4002 Canteri
874 3940 1061 4005 coniectura
1076 3949 1245 4022 κελευσμοῦ
1260 3948 1362 4012 dedit.

184 4060 329 4124 Accedit
352 4060 441 4142 quod
466 4059 557 4141 Cycl.
582 4060 644 4140 653
671 4060 837 4141 scripserit
858 4069 1038 4139 κελευσμυῖς
1060 4066 1271 4143 Wecklinius,
1288 4088 1363 4131 cum

182 4181 295 4245 codex
318 4179 482 4245 Palatinus
505 4182 552 4265 (P)
577 4182 736 4264 praebeat
758 4181 933 4247 lectionem
955 4194 1125 4264 κελευμυῖς.

232 4299 388 4366 Ceterum
428 4304 610 4383 παρεγγυᾶν
648 4304 818 4386 proprium
857 4306 995 4370 verbum
1031 4319 1081 4372 est
1114 4311 1163 4373 de
1196 4318 1365 4378 tessera
