3038 4808
170 377 213 443 54
475 359 708 439 παραλλάττειν
732 397 774 408 -
799 377 1027 439 aaprarptrrru.

212 547 264 609 Ex
279 547 387 628 priore
403 566 501 609 sensu
518 553 595 608 nata
611 553 661 608 est
676 547 766 608 notio
790 555 1049 627 praetereun
1060 546 1082 609 d
1093 547 1113 620 i,
1137 545 1343 630 ctXenoph.

168 667 297 731 Hellen.
322 669 363 732 V.
392 684 420 729 1.
449 685 487 729 12
511 666 580 729 ἐπεὶ
601 665 635 729 δὲ
660 663 868 747 παρήλλαξαν
891 666 947 740 τὴν
970 665 1099 745 ἐνέδραν.

211 788 326 852 Altera
360 788 554 871 significatio
581 787 649 850 fere
680 808 814 870 semper
844 787 1000 851 translate
1032 789 1201 871 reperitur.
1249 790 1345 853 Unus

168 918 277 973 exstat
299 910 391 972 locus
414 911 504 992 apud
528 911 736 973 Herodotum
759 910 815 972 ubi
835 911 967 992 propria
983 909 1015 971 vi
1031 909 1224 973 adhibetur:
1241 909 1346 986 ὀλίγον

167 1038 225 1105 τῆς
248 1029 350 1111 χώρας
374 1028 640 1111 παραλλάξαντες
664 1067 705 1078 -
722 1032 913 1113 paullulum
937 1054 960 1095 a
982 1032 1046 1095 laco
1070 1032 1269 1096 aberrantes.

212 1152 443 1216 Translate
482 1152 630 1216 adhibita
665 1154 756 1216 notio
794 1153 995 1217 abscedendi
1030 1153 1110 1216 abiit
1143 1154 1176 1215 in
1210 1173 1346 1216 sensum

168 1275 456 1357 discrepandi,
491 1275 734 1339 differendi
766 1296 795 1338 e.
824 1297 855 1358 g.
888 1275 968 1337 Plat.
1001 1275 1107 1357 Legg‚
1137 1257 1209 1336 XII.
1244 1276 1347 1355 957b
1375 1299 1377 1302 ’

169 1391 225 1458 ὅσα
249 1394 468 1475 παραλλάττει
491 1401 551 1460 τῶν
576 1395 604 1458 ἕν
627 1402 698 1467 ταῖς
720 1397 837 1468 άλλαῖς
860 1394 968 1460 πόλεσι
993 1394 1125 1459 δικαίων.

213 1515 365 1598 Denique
401 1538 502 1599 saepe
533 1518 673 1580 occurrit
705 1513 1009 1596 παραλλάττειν-
1034 1516 1189 1581 aberrare
1219 1539 1242 1579 a
1264 1538 1347 1580 vera

169 1637 236 1709 vra,
261 1637 340 1700 Plat.
366 1637 504 1702 Theaet.
534 1656 630 1718 194a
653 1632 709 1702 οἷον
732 1635 860 1714 τοξότην
884 1641 1004 1718 Φαῦλον
1028 1635 1120 1712 ἱέντα,
1139 1635 1347 1718 παραλλάξαι

169 1761 221 1820 τοῦ
246 1762 358 1822 σκοποῦ
382 1759 435 1823 καὶ
457 1759 619 1840 άροαρτεῖν.
664 1760 860 1842 Plerumque
884 1760 927 1823 de
950 1781 991 1823 eo
1015 1760 1069 1842 qui
1094 1780 1217 1823 asana
1235 1770 1347 1824 mente

170 1880 339 1954 aberravit,
365 1881 517 1944 absolute
541 1882 622 1945 Plat.
647 1882 734 1945 Tim.
760 1896 800 1961 27
817 1903 833 1944 c
853 1881 877 1945 εἰ
894 1881 938 1958 μὴ
957 1877 1144 1944 παντάπασι
1161 1878 1347 1961 παραλλάτ-

170 2023 272 2078 τοροεν.
320 2001 375 2066 Sic
407 2003 495 2086 apud
527 2013 673 2067 nostrum
704 2025 846 2086 quoque,
879 2005 934 2085 qui
965 2004 1069 2066 semel
1100 2023 1177 2065 usus
1209 2013 1260 2066 est
1281 2003 1347 2067 hoc

171 2123 284 2197 verbo,
310 2123 444 2206 Hippol.
469 2141 535 2204 934
558 2146 606 2206 sq.
624 2123 669 2188 eol
686 2125 746 2205 γάρ
764 2123 972 2198 ἐκπλήσσονσί
986 2121 1048 2211 ρει]
1059 2123 1145 2199 λάροι
1162 2121 1347 2203 παραλλάσ-

172 2265 275 2315 σοντες
291 2241 401 2323 ἔξεδροι
418 2247 531 2324 Φρενοῖν
545 2284 584 2292 -
599 2257 657 2309 tua
672 2247 758 2309 enim
774 2247 874 2310 verba
882 2246 1064 2328 percellunt
1076 2268 1137 2321 me,
1153 2245 1347 2308 aberrantia

171 2375 270 2446 atque
291 2376 416 2430 remota
439 2388 461 2429 a
483 2388 568 2430 sana
588 2378 701 2431 mente.
749 2366 918 2430 Genitivus
935 2370 1046 2447 Φρενῶν
1063 2387 1130 2429 non
1146 2366 1254 2428 solum
1271 2387 1347 2430 cum

173 2485 283 2567 ἔξεδροι
320 2489 379 2551 sed
414 2491 514 2552 etiam
552 2510 627 2551 cum
662 2486 938 2569 παραλλάσσοντες
971 2489 1237 2571 coniungendum
1274 2510 1346 2552 esse

172 2610 404 2691 praecedentia
428 2611 583 2693 exempla
606 2631 666 2672 nos
689 2612 820 2674 docent.

219 2803 447 2884 παρεκτρέπειν.

218 2971 365 3057 Supplic.
403 2991 487 3038 1110
516 2996 564 3057 sq.
599 2973 731 3056 βροτοῖσι
758 2972 810 3037 καῖ
837 2966 954 3037 ποτοῖσι
977 2973 1030 3037 καὶ
1056 2972 1241 3051 μαγεύμασι
1252 2970 1264 3060 ΙΙ
1277 2994 1352 3051 παρ-

173 3094 370 3175 ειοτρέποντες
392 3095 502 3176 ὀχετὸν
525 3093 604 3159 άστε
627 3096 671 3172 μὴ
696 3095 790 3159 θανεῖν
814 3133 856 3144 -
880 3096 1048 3158 esculentis
1071 3106 1103 3158 et
1117 3094 1305 3177 potionibus
1322 3105 1356 3157 et

173 3213 311 3295 maguis
334 3214 461 3276 artibus
484 3223 666 3276 avertentes
681 3214 769 3276 vitae
785 3234 916 3276 cursum
932 3234 972 3275 ne
983 3213 1177 3276 moriantur.
1226 3215 1352 3279 Notatu

173 3335 310 3416 dignum
334 3343 384 3397 est
400 3335 601 3417 Euripidem,
619 3342 654 3396 ut
670 3335 808 3410 videtur,
825 3334 888 3397 hoc
905 3335 1162 3416 bicompositum
1177 3333 1351 3400 formasse.

174 3456 276 3537 Apud
300 3457 508 3519 Herodotum
533 3452 739 3535 παρατρέπειν
763 3455 923 3519 habemus
945 3456 1078 3538 propria
1101 3456 1352 3539 significatione,

175 3579 250 3641 VII.
289 3582 348 3641 128
383 3577 630 3657 παρατρέψαντα
659 3575 743 3657 ἐτέρρ
773 3576 803 3649 ἐς
827 3574 986 3640 θάλασσαν
1010 3577 1061 3640 τὸν
1086 3577 1248 3658 ποταμάν;
1272 3582 1353 3644 item

177 3701 266 3782 apud
299 3701 529 3782 Thucydidem
561 3701 584 3762 I.
621 3717 692 3780 109.
740 3699 887 3762 Verbum
919 3697 1071 3779 ἐκτρέπειν
1099 3704 1231 3784 proprio
1255 3723 1354 3766 sensu

176 3820 312 3884 adhibet
334 3823 547 3904 Thucydides
572 3824 612 3887 V.
638 3824 691 3903 65,
716 3821 750 3885 τὸ
767 3817 842 3901 ὕδωρ
858 3819 1017 3900 ἐξέτρεπεν
1034 3821 1065 3894 ἐς
1081 3823 1137 3896 τὴν
1152 3822 1351 3897 Μαντινικήν,

176 3942 332 4005 translate
356 3945 422 4006 iam
442 3944 639 4026 Aeschylus,
657 3945 777 4027 Agam.
800 3942 883 4023 1436
900 3941 1048 4021 ἐκτρέψας
1062 3941 1149 4006 κάτον
1166 3941 1206 4013 εἷς
1221 3941 1352 4015 Ἑλέναν.

177 4066 230 4127 Ex
253 4064 303 4127 his
327 4065 457 4127 duobus
480 4067 588 4128 verbis
612 4067 787 4148 Euripides
812 4062 1029 4143 παρεκτρέπειν
1046 4064 1239 4145 composuit.
1288 4063 1354 4126 Hic

177 4207 309 4268 quoque
333 4184 419 4264 παρά
443 4188 565 4249 indicat
589 4189 768 4250 motionem
784 4188 827 4250 de
843 4195 932 4249 recta
949 4188 1020 4249 via:
1038 4196 1184 4249 auertere
1198 4195 1357 4248 conantur

176 4309 265 4371 vitae
287 4329 417 4371 cursum
440 4328 483 4370 ex
504 4329 539 4370 eo
563 4308 655 4371 alveo
679 4330 774 4391 quem
798 4319 920 4371 natura
943 4308 1115 4371 constituit.
1162 4306 1240 4370 Post
1263 4306 1354 4370 Euri-
