3038 4808
520 1053 928 1131 PRAEFATIO.

629 1255 823 1266 Μ...-

127 1400 129 1404 ³
180 1429 416 1494 Difficultatem
441 1432 474 1494 in
498 1435 746 1516 componendo,
770 1435 1014 1518 praecipueque
1037 1438 1070 1498 in
1086 1439 1233 1519 parando
1250 1437 1313 1501 hoc

135 1553 248 1617 libello
279 1563 435 1637 expertus
466 1577 541 1619 sum
573 1558 770 1622 contrariam
801 1560 831 1622 ei
862 1578 928 1640 qua
954 1557 1105 1623 laborare
1128 1558 1236 1624 solent
1258 1562 1313 1642 qui

134 1677 276 1760 primum
307 1679 391 1742 vires
422 1699 577 1743 exercere
606 1680 722 1744 volunt
751 1681 785 1743 in
816 1680 1044 1745 dissertatione
1074 1681 1249 1745 scribenda
1271 1683 1314 1745 de

134 1808 330 1883 argumento
364 1800 510 1884 linguam
545 1799 707 1865 Graecam
741 1809 922 1884 spectante.
970 1801 1054 1866 Cum
1090 1803 1190 1866 ceteri
1224 1804 1312 1867 enim

39 1912 41 1915 ⁵
134 1921 273 1985 simulac
297 1923 459 2005 inquirere
482 1932 666 2007 coeperunt
689 1924 769 2006 quid
792 1925 826 1987 in
849 1932 1048 2008 argumento
1071 1944 1132 1989 suo
1154 1925 1220 1988 iam
1236 1933 1313 1988 ante

133 2043 176 2107 sit
191 2042 397 2109 elaboratum
413 2043 481 2108 fere
497 2046 677 2111 obruantur
694 2045 850 2110 librorum
864 2046 1027 2131 farragine
1037 2055 1072 2111 et
1084 2067 1165 2110 mox
1176 2046 1313 2111 timeant

133 2185 176 2228 ne
199 2166 278 2248 quid
300 2167 380 2230 novi
402 2165 452 2229 his
475 2165 635 2232 thesauris
657 2187 678 2230 a
701 2188 737 2231 se
760 2168 846 2231 adici
863 2176 1015 2252 nequeat,
1034 2188 1099 2252 ego
1116 2169 1158 2232 de
1175 2169 1205 2230 vi
1222 2187 1313 2251 prae-

133 2288 334 2369 positionum
364 2289 397 2351 in
427 2290 667 2372 compositione
690 2289 865 2354 verborum
889 2290 979 2372 apud
1002 2289 1194 2372 Euripidem
1217 2292 1314 2372 scrip·

132 2420 225 2474 turus
246 2419 368 2474 terram
393 2410 461 2475 fere
483 2411 723 2495 inexploratam
746 2412 868 2476 inveni.

179 2533 273 2597 Licet
308 2534 394 2597 enim
429 2533 472 2596 de
507 2535 599 2597 vario
633 2535 915 2617 praepositionum
951 2554 1027 2598 cum
1059 2535 1202 2598 nominis
1233 2557 1311 2601 casu

134 2657 381 2720 coniunctorum
416 2676 475 2719 usu
510 2658 599 2739 apud
632 2677 747 2721 omnes
779 2657 1025 2748 antiquissimos
1054 2658 1230 2742 scriptores
1261 2669 1312 2724 sat

135 2776 226 2841 multi
250 2777 421 2860 compositi
437 2779 502 2841 sint
517 2777 618 2841 libelli
634 2799 772 2860 quorum
789 2799 946 2862 magnum
958 2799 1129 2844 numerum
1142 2780 1313 2862 denuntiat

135 2898 272 2982 Montijn
303 2900 354 2982 (de
376 2899 658 2982 praepositionum
684 2921 745 2964 usu
768 2901 862 2981 apud
880 2901 1145 2983 Aristophanem,
1169 2901 1310 2983 Traject,

135 3022 177 3085 ad
209 3023 361 3086 Rhenum
396 3023 478 3105 1887
510 3043 542 3105 p.
566 3021 754 3106 VIII—IX)
778 3023 820 3085 de
844 3023 1142 3107 praepositionibus
1166 3025 1199 3086 in
1222 3044 1311 3087 com-

133 3146 298 3228 positione
314 3144 490 3208 verborum
506 3145 687 3208 admodum
703 3163 776 3208 raro
793 3143 917 3226 aliquid
933 3145 1153 3228 conscriptum
1168 3147 1309 3228 repperi.

135 3266 225 3348 Quo
241 3267 363 3332 factum
387 3274 438 3331 est
459 3275 496 3330 ut
517 3268 579 3350 ipsi
602 3267 763 3331 rationem
788 3273 887 3348 atque
910 3267 997 3330 viam
1021 3273 1167 3330 nostram
1191 3266 1225 3330 in
1247 3266 1309 3331 hac

135 3377 171 3455 re
194 3391 467 3486 constituerimus.

180 3513 322 3578 Primum
345 3533 461 3578 omnes
482 3511 574 3577 locos
597 3513 653 3576 ubi
677 3513 779 3576 verba
802 3511 986 3596 composita
1009 3513 1099 3594 apud
1116 3510 1308 3595 Euripidem

135 3646 318 3710 occurrunt,
350 3636 582 3719 exscripsimus
612 3633 805 3717 fragmentis
831 3633 989 3718 neglectis
1012 3633 1088 3716 quia
1112 3653 1187 3697 cum
1210 3636 1310 3699 unde·

136 3759 250 3843 viginti
274 3757 404 3823 tabulae
427 3759 505 3821 satis
528 3777 683 3841 magnam
708 3757 838 3840 copiam
858 3754 1089 3838 exemplorum
1106 3755 1202 3818 nobis
1217 3775 1310 3838 prae-

135 3883 217 3958 buit,
240 3891 310 3946 tum
334 3902 353 3946 e
376 3880 569 3964 fragmentis
591 3899 692 3962 saepe
715 3879 822 3943 dubiis
838 3879 972 3943 nimium
990 3875 1118 3942 efficere
1135 3876 1308 3941 noluimus.

181 4002 234 4067 E'x
265 4011 338 4066 toto
372 4010 481 4067 autem
517 4021 655 4065 numero
688 4000 971 4085 praepositionum
1005 3998 1095 4063 nulla
1128 3998 1219 4062 vario
1249 4019 1309 4063 usu

134 4125 327 4210 particulam
352 4122 438 4205 nopai
460 4123 655 4207 superabat3
672 4143 770 4206 quam
786 4123 831 4186 ob
848 4142 917 4187 rem
933 4123 1018 4187 hanc
1034 4121 1309 4204 praepositionem

134 4248 341 4331 potissimum
366 4245 559 4330 delegimus.
606 4245 643 4308 ln
660 4255 772 4310 nostra
787 4246 1039 4328 investigatione
1056 4243 1143 4308 hunc
1158 4242 1307 4307 ordinem
